2790 4538
755 197 798 260 44

673 289 877 298 ——-—-

244 435 322 504 VII.
359 439 415 506 De
438 441 642 525 particulis
668 443 929 522 antequam
952 443 992 509 et
1012 443 1316 522 priusquam.

319 595 442 660 Harum
468 621 529 683 p.p.
552 599 679 663 alteram
712 605 902 683 antequam,
936 621 1015 684 quae
1047 605 1096 662 est
1127 598 1348 683 exemplorum

214 701 312 786 copia,
334 703 483 787 praetulit
505 705 639 790 scriptor
660 704 749 769 alteri
768 706 978 790 priusquam,
1002 728 1094 790 quam
1110 713 1164 768 aut
1178 705 1273 768 nullis
1290 712 1349 768 aut

215 806 411 892 paucissimis
433 810 511 874 locis
534 810 676 877 invenies
698 820 823 898 praeter
844 811 916 876 hos:
940 810 980 875 ad
1003 811 1049 875 M.
1066 810 1106 875 de
1129 833 1154 875 o.
1179 813 1230 890 10,
1255 813 1290 890 7,
1315 833 1348 874 n.

214 935 265 998 qu.
288 913 333 994 H,
357 917 408 995 26,
432 919 467 996 2,
489 915 553 998 VI,
576 922 627 998 28,
652 923 685 999 3,
708 917 748 983 de
771 919 858 996 olem.
881 918 908 999 Ι,
933 921 983 998 15,
1006 921 1035 981 4.

322 1020 368 1086 Ut
390 1022 431 1085 ad
454 1023 575 1108 singula
597 1032 761 1105 transeam,
782 1032 857 1110 post
879 1024 948 1088 illas
970 1023 1139 1110 particulas

374 1127 407 1214 a)
430 1128 634 1194 indicativum
656 1129 779 1195 invenis

282 1241 313 1315 α)
337 1235 509 1318 praesentis
534 1235 582 1318 (cf.
605 1257 653 1321 ep.
678 1238 729 1315 13,
753 1239 797 1319 5),

282 1344 314 1424 p)
336 1339 442 1420 futuri,
464 1340 549 1425 quod
571 1341 713 1426 Draeger
736 1344 765 1424 (ᾗ
786 1343 859 1421 512,
875 1346 901 1423 c)
924 1349 1049 1426 praeter
1071 1342 1239 1427 scriptores
1264 1342 1349 1404 anti-

217 1445 384 1530 quissimos
412 1469 543 1532 usquam
570 1447 651 1511 tradi
678 1455 785 1532 negat,
813 1469 860 1532 ep.
886 1449 958 1527 104,
982 1450 1021 1511 21
1051 1449 1133 1510 atter
1162 1452 1190 1510 te
1212 1447 1348 1528 docebit,

216 1553 248 1615 si
269 1574 393 1616 neeesse
416 1553 486 1634 erit,
510 1556 599 1635 aiter,
623 1547 800 1637 antequam
818 1575 943 1617 neeesse
965 1554 1035 1634 etit,
1059 1574 1247 1637 quamquam
1270 1574 1349 1616 eon-

217 1657 309 1737 cedo,
336 1658 520 1744 scriptorem
547 1659 607 1723 nisi
635 1657 675 1723 ad
698 1659 777 1723 duas
800 1659 869 1722 illas
892 1658 1064 1723 sententias
1087 1658 1238 1722 concinne
1262 1659 1350 1723 inter

218 1785 251 1826 se
275 1763 478 1848 opponendas
501 1766 556 1830 vix
578 1765 718 1829 futurum
740 1765 947 1830 admissurum
969 1765 1066 1830 fuisse
1072 1789 1081 1845 ,
1218 1819 1223 1827 .

283 1873 311 1956 p)
334 1869 431 1933 futuri
454 1872 556 1935 exacti
578 1871 619 1935 ad
641 1871 688 1935 M.
711 1870 751 1935 de
774 1893 799 1935 c.
825 1874 875 1951 10,
901 1875 933 1951 7,
957 1894 1005 1957 ep.
1026 1874 1098 1951 123,
1122 1875 1156 1951 2,
1179 1893 1227 1956 ep.
1250 1874 1302 1951 98,
1329 1874 1348 1935 5

217 1975 257 2056 si,
281 1976 363 2059 quid
376 1977 602 2042 humanarum
617 1999 729 2042 rerum
744 1979 886 2043 varietus
897 1979 1011 2063 possit,
1033 1978 1228 2062 copitaoerit,
1249 1983 1312 2041 ant
1332 2015 1346 2026 ·

219 2102 320 2165 quam
342 2084 488 2148 senserit.

285 2189 314 2270 d)
337 2187 420 2252 Pers.
443 2188 514 2253 hist.
538 2189 688 2274 exemplis
716 2189 840 2253 omissis
867 2191 957 2274 pauci
983 2190 1046 2253 loci
1073 2190 1231 2254 mentione
1259 2188 1350 2274 digni

219 2301 301 2372 sunt,
324 2293 437 2377 quibus
459 2295 537 2380 perf.
560 2316 708 2380 praesens
732 2294 839 2359 sedem
861 2294 965 2374 habet,
987 2295 1027 2360 de
1050 2297 1120 2360 ben.
1136 2295 1181 2376 V,
1206 2298 1234 2375 5,
1258 2299 1294 2375 43
1319 2319 1349 2360 11.

219 2422 269 2483 qu.
291 2398 356 2479 VI,
379 2404 431 2480 28,
455 2405 488 2481 3,
511 2400 625 2465 deinde
649 2425 678 2465 n.
693 2423 744 2486 qu.
758 2400 823 2481 HI,
847 2404 933 2481 28,ss
957 2402 990 2465 in
1012 2401 1124 2467 diluvii
1146 2401 1238 2481 illius,
1262 2400 1349 2486 quod

220 2506 345 2592 saepius
368 2506 430 2570 iam
452 2507 701 2587 commemoravi,
724 2507 935 2593 descriptione
962 2530 1021 2572 aee
1043 2514 1220 2592 antequam
1243 2529 1351 2594 supra

220 2614 394 2677 cacumina
417 2634 539 2696 eorum,
563 2635 642 2698 quos
660 2615 863 2698 perfusoriis
886 2619 940 2694 est,
964 2613 1129 2677 montium
1152 2613 1267 2695 crevit,
1290 2615 1347 2678 de-

220 2720 371 2800 volvitur,
394 2718 454 2782 hoc
477 2742 600 2805 quoque
622 2720 692 2784 loco
715 2719 755 2784 de
778 2742 812 2784 re
835 2719 939 2782 futura
962 2741 1063 2782 sermo
1087 2726 1143 2782 est

379 2825 415 2911 b)
440 2825 640 2891 Coniunctivi

288 2935 319 3012 α)
343 2932 516 3016 praesentis
540 2954 577 2995 ea
600 2933 755 3019 exempla,
783 2955 862 3017 quae
885 2940 940 2995 aut
961 2930 1136 3016 generalem
1160 2931 1350 2994 sententiam

222 3036 383 3100 continent
410 3045 465 3100 aut
491 3039 613 3103 consilii
639 3040 813 3119 notionem,
846 3038 970 3103 silentio
1002 3029 1231 3123 praetereunda
1262 3045 1349 3101 ratus

222 3165 318 3206 unum
344 3143 448 3206 locum
473 3145 612 3230 profero,
640 3167 702 3230 quo
729 3167 791 3208 non
814 3168 844 3230 p.
867 3150 1058 3228 autequam,
1081 3142 1171 3206 utin
1195 3142 1350 3206 sententia

221 3248 367 3333 generali,
389 3271 439 3314 res
462 3252 596 3336 repetita
618 3251 815 3336 significatur,
838 3250 895 3314 sed
917 3249 1009 3312 unius
1032 3249 1076 3312 rei
1098 3248 1264 3312 continuus
1288 3257 1317 3312 st
1336 3286 1349 3296 -

223 3362 274 3418 tus
291 3353 478 3440 depingitur,
501 3378 549 3442 ep.
567 3359 696 3437 104,15
720 3358 900 3422 Maeander
921 3378 1015 3441 saepe
1036 3356 1075 3418 ia
1098 3355 1247 3418 eiciam
1263 3357 1349 3418 atses

222 3481 295 3542 suo,
324 3466 501 3545 antequem
527 3462 593 3525 sibi
618 3463 755 3546 influat,
783 3462 942 3546 flectitur,
976 3461 1107 3525 alterum
1134 3459 1264 3541 deinde,
1296 3459 1348 3524 ubi

223 3567 302 3630 coni.
325 3566 365 3631 ad
387 3568 481 3632 futur.
504 3576 628 3654 tempus
650 3568 795 3654 pertinet,
817 3591 847 3631 11.
863 3590 913 3652 qu.
930 3567 1012 3647 VH,
1036 3569 1122 3647 11,1
1149 3588 1232 3651 quos
1255 3572 1344 3630 ante-

224 3695 324 3759 quam
347 3695 503 3759 eapenere
525 3675 687 3758 incipiam
705 3725 711 3738 .
732 3725 738 3738 .
760 3726 766 3738 .
792 3675 918 3738 tertium
935 3673 1068 3759 denique
1091 3673 1195 3752 talem,
1218 3671 1345 3736 utactio

224 3781 397 3845 sententiae
421 3780 609 3866 ,temporalis
642 3803 705 3844 non
738 3781 878 3860 eveniat,
911 3779 967 3845 sed
1000 3780 1121 3844 actione
1155 3786 1233 3843 sent.
1261 3778 1345 3864 prim.

223 3886 438 3974 prohibeatur,
470 3885 510 3950 de
542 3886 611 3951 ben.
635 3886 679 3966 V,
708 3890 759 3967 23,
787 3890 806 3950 2
840 3908 940 3972 quare
972 3889 1137 3974 desperas,
1173 3890 1345 3970 antequam

225 3998 366 4081 temptes.
