2790 4538
677 180 717 242 41

236 372 400 456 prolicua,
425 393 500 434 eam
527 393 576 455 ep.
601 373 657 448 94,
686 372 727 434 19
759 391 827 434 non
855 368 1012 454 protimus
1043 390 1119 432 cam
1150 367 1260 432 viscum

124 478 259 565 recepit,
284 477 360 541 aliis
384 499 509 564 qaoque
528 482 635 564 potest
654 477 799 557 taddeam
823 483 855 539 et
876 498 906 539 n.
929 497 980 560 qu.
1002 474 1066 554 IV,
1090 476 1119 556 6,
1143 477 1171 538 2.

194 803 237 870 V.
278 802 335 869 De
357 801 562 887 particulis
588 803 788 881 quando,
814 802 1202 880 quandocunque,

555 926 846 1004 quandoque.

178 1117 208 1183 1.
252 1115 304 1178 De
327 1138 357 1200 p.
381 1115 511 1198 quaudo
535 1114 612 1177 nihil
635 1122 684 1178 est
706 1113 864 1178 mentione
888 1113 1025 1200 dignum.

178 1222 211 1289 2.
262 1221 528 1305 Quandocanqne
554 1220 633 1306 legis
656 1244 686 1284 n.
709 1243 759 1305 qu.
787 1219 853 1300 III,
880 1224 933 1300 29,
957 1223 975 1284 5
1004 1227 1037 1284 et
1063 1217 1103 1282 de
1126 1219 1213 1283 clem.
1235 1219 1263 1299 Ι,

135 1332 164 1408 3,
180 1331 210 1404 4,
232 1325 287 1391 ubi
311 1325 458 1392 Gertxius
482 1336 566 1392 recte
590 1350 630 1391 ex
648 1324 717 1390 cod.
731 1325 764 1390 N
781 1326 934 1412 scriptura
957 1347 1020 1410 qao
1035 1346 1163 1409 cunque
1185 1324 1263 1389 illud

136 1436 395 1520 qucrcdccanqae
418 1433 507 1498 eruit.
552 1433 597 1497 Et
620 1431 750 1496 eandem
775 1432 1031 1516 significationem
1054 1432 1193 1496 continet

178 1540 211 1608 3.
257 1541 451 1625 cenamque
472 1538 512 1604 de
531 1547 652 1623 tranqu.
668 1561 694 1602 a.
713 1541 764 1618 11,
781 1542 800 1603 3
806 1563 814 1618 ;
838 1538 926 1602 cuius
948 1562 979 1624 p.
1000 1546 1103 1602 cetera
1121 1537 1264 1623 exempla

136 1645 298 1710 Klammer
325 1649 365 1732 (p.
390 1649 441 1728 50)
470 1646 614 1710 contulit:
648 1644 688 1709 de
715 1644 803 1710 brev.
828 1646 921 1725 11,2
953 1645 1037 1726 idco,
1071 1646 1265 1728 quandoque

138 1755 275 1818 altimus
299 1754 366 1817 dics
389 1754 526 1835 venerit,
554 1774 623 1816 aon
646 1751 856 1815 cunctabitur
882 1751 1015 1835 capiens
1037 1751 1085 1813 c're
1108 1752 1151 1815 od
1173 1772 1261 1815 mor-

140 1865 213 1942 tcm;
246 1857 571 1943 n.qu.111,28,7;
604 1856 644 1920 ad
666 1857 762 1921 Helv.
788 1859 838 1936 11,
862 1858 896 1936 6;
929 1854 969 1920 de
996 1856 1067 1921 ben.
1089 1855 1153 1938 IV,
1177 1860 1207 1937 8,
1232 1859 1265 1937 13

139 1964 174 2029 dc
197 1989 227 2031 v.
250 1962 280 2028 b.
305 1967 356 2042 20,
381 1967 415 2042 5;
448 1986 634 2049 quamquam
666 1962 715 2028 his
748 1962 871 2028 duobus
903 1963 981 2027 locis
1008 1961 1151 2027 dubitare
1182 1962 1265 2043 licet,

92 2082 96 2087 ’
137 2093 208 2134 num
236 2071 431 2155 orandoque
462 2067 547 2133 idem
579 2070 621 2134 sit
648 2068 732 2154 quod
761 2076 793 2132 et
825 2070 965 2153 quondo.
1017 2069 1100 2132 Nam
1127 2068 1167 2133 dc
1193 2070 1264 2135 ben.

136 2175 197 2256 IV,
218 2180 281 2257 8,l
307 2176 414 2240 verbis
437 2177 488 2240 oc‘s
513 2227 519 2239 .
541 2227 547 2239 .
569 2228 574 2239 .
600 2175 727 2238 invicta
750 2182 782 2238 et
804 2175 843 2237 in
865 2175 974 2258 cenem
997 2197 1163 2240 recessuro
1185 2175 1265 2240 duae

135 2282 279 2347 diversae
312 2303 423 2345 causae
457 2290 666 2367 exponuntur,
698 2302 754 2344 cur
785 2278 879 2344 deum
911 2279 1082 2344 Herculem
1113 2281 1266 2346 nominari

131 2388 239 2469 liceat,
266 2389 319 2468 ita,
342 2395 378 2450 ut
400 2387 468 2452 illas
492 2386 570 2452 duas
594 2409 703 2451 causas
726 2409 790 2451 non
818 2386 946 2450 alteram
969 2385 1058 2450 alteri
1086 2386 1186 2451 subici
1209 2385 1266 2452 sed

130 2493 286 2580 particula
317 2493 496 2579 copulativa
527 2494 675 2579 coniungi
705 2501 853 2580 praestet.
914 2490 1011 2570 Quod
1044 2493 1071 2556 si
1102 2493 1267 2557 Klammer

130 2608 227 2690 putat
248 2599 359 2663 ultimo
382 2599 466 2679 loco,
493 2598 533 2664 de
558 2623 587 2665 v.
609 2599 641 2664 b.
665 2603 716 2679 20,
741 2603 769 2679 ὃ,
797 2621 866 2661 cum
891 2620 999 2663 omnes
1022 2596 1267 2680 adhortationes

131 2728 214 2792 quae
245 2703 444 2783 antecedunt,
472 2705 539 2770 sinc
563 2705 690 2770 vinculo
722 2704 950 2768 coniunctionis
978 2704 1038 2768 alia
1070 2713 1144 2790 post
1175 2705 1267 2769 aliam

131 2811 303 2876 collocatae
337 2811 414 2892 sint,
447 2811 531 2875 illam
563 2832 687 2896 quoque
719 2810 906 2874 sententiam
939 2809 1154 2876 exordientem
1185 2834 1212 2876 a
1237 2835 1267 2877 v.

131 2918 329 3003 quaudoque
356 2917 508 3003 proximis
536 2914 717 3002 asyndetice
745 2914 840 2997 adici,
863 2915 937 2980 inde
960 2939 1023 2981 non
1046 2916 1178 2982 multum
1201 2918 1268 2982 effi·

130 3024 223 3087 citur.
266 3022 351 3087 Nam
372 3023 507 3109 primum
530 3021 693 3086 adicendi
716 3043 776 3085 usu
798 3044 861 3086 non
885 3032 934 3088 est
956 3024 1101 3104 alienum,
1123 3023 1268 3088 ultimum

130 3126 308 3193 membrum
329 3129 361 3192 in
384 3128 546 3214 asyndetis
568 3152 599 3214 p.
623 3150 684 3212 que
706 3126 821 3192 induci.
860 3129 953 3213 (Tota
975 3138 1080 3194 autem
1103 3131 1267 3211 sententia,

131 3257 196 3299 non
225 3256 288 3297 una
311 3256 374 3298 vox
396 3258 427 3320 p.
451 3257 512 3320 que
541 3234 580 3298 de
603 3234 673 3299 ben.
696 3233 765 3315 ΠΙ,
794 3237 824 3315 6,
848 3239 879 3299 2
896 3257 1020 3320 quoque
1053 3235 1267 3322 superioribus

131 3339 333 3424 adiungitur.)
378 3338 503 3404 Deinde
532 3341 724 3426 aliquantum
752 3341 883 3405 interest
910 3342 992 3405 inter
1018 3342 1159 3406 ultimam
1183 3342 1268 3407 illam

132 3445 322 3511 sententiam
345 3453 378 3509 et
405 3468 471 3527 eac,
499 3469 578 3532 quae
606 3445 804 3512 antecedunt.
854 3447 926 3511 Hae
950 3448 1032 3512 enim
1060 3456 1205 3534 spectant
1227 3449 1268 3513 ad

134 3551 257 3637 singula
277 3551 378 3616 officia
399 3576 479 3637 quae
502 3554 534 3617 in
555 3553 622 3617 vita
642 3551 843 3638 exsequenda
865 3561 947 3634 sunt,
970 3553 1032 3633 illa,
1055 3576 1135 3638 quae
1157 3554 1269 3641 incipit

134 3681 161 3723 a
183 3681 214 3722 v.
238 3660 445 3742 quandoque,
474 3658 622 3725 advitae
649 3658 781 3723 honeste
810 3667 897 3723 actae
925 3660 1161 3739 conscientiam,
1188 3682 1267 3745 quae

136 3765 167 3828 in
199 3772 300 3828 morte
329 3786 368 3828 ex
396 3765 507 3830 officiis
539 3765 638 3851 probe
667 3765 842 3830 observatis
870 3765 959 3851 quasi
990 3764 1110 3829 fructus
1138 3766 1267 3851 capitur.

137 3869 198 3935 Cui
221 3871 445 3935 sententiarum
474 3871 647 3936 discrimini
674 3872 784 3935 ultima
810 3871 961 3958 proximis
985 3895 1015 3958 p.
1039 3893 1100 3956 que
1127 3872 1268 3937 subnexa

138 3976 233 4067 magis
257 3977 424 4041 convenire
446 3975 582 4045 videtur.
