2790 4538
674 220 714 284 53

232 414 263 482 9.
309 410 451 477 Eandem
475 410 683 496 restringendi
706 412 785 493 vim,
813 410 938 477 sedita
960 421 996 477 ut
1017 435 1077 494 res,
1099 436 1161 499 qna
1183 437 1254 479 sen-

125 505 244 583 tentiae
266 517 432 604 primariae
454 517 533 582 fines
555 515 754 600 definiuntur,
777 518 954 605 postuletur
977 519 1029 585 vel
1051 519 1255 602 desideretur,

124 624 243 689 habent
275 622 445 710 particulae
478 624 666 706 dummodo,
694 626 776 689 dum
808 624 857 708 (cf.
886 623 926 689 de
950 625 1019 690 ben.
1041 624 1106 707 IV,
1136 628 1186 707 13,
1214 631 1255 710 2),

126 732 219 795 ruodo
243 738 275 794 et
297 729 374 794 haec
396 728 524 815 quidem
550 752 703 815 nusquam
725 732 827 818 primo
851 731 1023 797 sententiae
1050 732 1120 798 loco
1142 733 1255 818 posita,

127 837 183 902 sed
206 858 333 923 semper
354 844 429 923 post
449 836 581 922 primam
604 858 723 918 vocem,
746 838 835 902 velut
857 836 958 902 deira
972 837 1037 918 HI,
1052 841 1137 918 42,1
1158 845 1252 924 pote·

127 943 235 1008 umus
258 949 377 1025 autem,
402 943 596 1007 adnitamur
618 944 729 1023 moda·
754 965 802 1030 ep.
819 945 870 1025 36,
887 948 921 1025 3,
946 946 996 1024 98,
1021 947 1077 1025 14,
1102 947 1175 1025 104,
1199 949 1255 1026 34,

128 1048 238 1114 eodem
261 1047 355 1113 modo
379 1048 519 1133 sequitur
541 1047 759 1113 coniunctivus
782 1071 893 1114 vocem
917 1056 1048 1115 tautum
1070 1073 1118 1137 ep.
1139 1054 1190 1132 18,
1214 1055 1255 1117 25

128 1157 182 1219 sed
208 1155 322 1220 oracio
348 1155 413 1218 ista
441 1155 537 1238 facile
566 1155 771 1239 perferemus
796 1207 802 1220 .
828 1208 834 1221 .
860 1208 866 1221 .
958 1163 1089 1222 tautum
1120 1164 1257 1222 mutem

129 1261 319 1326 (1111111111
341 1262 486 1339 1111111,
515 1282 564 1346 ep.
589 1264 640 1341 38,
664 1264 682 1325 2
689 1285 698 1342 ;
721 1259 762 1326 ad
784 1261 880 1328 Helv.
905 1265 955 1343 18,
979 1264 1013 1345 6,
1037 1262 1077 1329 (11
1099 1264 1170 1329 ben.
1192 1263 1256 1345 IV,

131 1370 233 1448 37,1.

234 1472 398 1538 Accedant
419 1473 510 1560 pauci
532 1473 603 1554 loci,
625 1473 739 1559 quibus
761 1497 822 1560 pp.
840 1481 970 1540 tautum
993 1483 1026 1540 et
1043 1476 1137 1540 ruodo
1158 1475 1258 1561 impe·

130 1580 249 1645 rativus
265 1579 469 1664 subiungatur
474 1603 483 1660 ,
506 1601 555 1665 ep.
573 1582 645 1660 119,
663 1582 703 1644 12
727 1583 841 1646 omniu
863 1581 1074 1646 naturalibus
1088 1582 1257 1646 (1111111111

130 1685 287 1766 metiaris,
311 1685 431 1769 quibus
445 1691 507 1749 aut
517 1687 622 1768 oratis
637 1688 783 1770 satisfiat
801 1694 862 1753 out
878 1708 1001 1772 paruo:
1027 1693 1157 1752 tautum
1172 1687 1255 1752 mis-

131 1813 197 1856 core
224 1791 308 1855 citio
335 1790 504 1856 desideriis
532 1792 621 1869 uoli,·
655 1814 703 1878 ep.
732 1795 784 1869 31,
814 1796 852 1858 11
886 1793 1039 1858 subsilire
1067 1815 1106 1858 ero
1137 1795 1257 1878 uupulo

132 1899 210 1981 licet,
235 1919 368 1982 casuros
391 1898 500 1976 moda·
525 1896 635 1961 deira
656 1897 702 1978 H,
726 1901 777 1980 13,
801 1903 829 1964 2.

237 2002 327 2068 Ocni.
342 2011 447 2068 autem
470 2025 509 2068 ex
531 2003 675 2089 proximo
698 2006 777 2069 coni.
800 2004 842 2070 ad
864 2005 945 2070 dum
967 2028 997 2091 p.
1012 2003 1187 2070 audiendus
1210 2012 1259 2069 est

132 2109 170 2175 de
193 2110 240 2174 ira
268 2109 332 2190 ΙΠ,
355 2112 449 2189 41,1
481 2110 533 2174 uil
562 2111 602 2174 iu
633 2111 762 2194 farriam
794 2113 991 2194 laboremus,
1023 2117 1180 2196 sequatur
1211 2112 1262 2176 uel

132 2219 228 2300 molt,
252 2218 332 2281 duro
357 2217 433 2280 beroe
455 2216 618 2281 (1111111111.

237 2323 383 2407 Denique
407 2345 444 2387 ea
466 2345 499 2387 re
515 2344 533 2386 a
549 2323 669 2408 vulgari
692 2345 752 2388 usu
775 2323 921 2405 deflectit,
944 2322 1028 2410 quod
1050 2324 1083 2388 in
1106 2322 1260 2389 eiusmodi

133 2429 296 2493 sententiis
324 2430 458 2514 negatis,
490 2451 621 2514 quarum
648 2439 759 2494 natura
785 2453 815 2516 p.
842 2453 884 2495 ue
911 2438 1123 2516 exspectetur,
1154 2438 1260 2494 tamen

133 2534 314 2621 particulam
336 2556 405 2599 riou
428 2534 527 2599 solam
549 2544 688 2622 usurpat,
712 2544 748 2600 ut
770 2559 818 2622 ep.
836 2538 922 2616 56,5
947 2537 1060 2600 omnia
1083 2536 1156 2600 licet
1177 2537 1260 2620 foris

133 2645 295 2721 resoueut,
324 2641 404 2705 duur
426 2641 520 2706 iuius
542 2644 630 2707 uilil
652 2644 815 2707 tumultus
836 2643 893 2724 sit,
922 2643 1002 2705 duur
1028 2642 1116 2706 iuter
1137 2664 1170 2706 se
1192 2663 1261 2707 uou

133 2748 285 2811 eiceretur
307 2747 472 2831 cupiditas
495 2753 526 2811 et
553 2749 664 2829 timor,
693 2749 773 2812 duro
796 2748 941 2812 coemtio
969 2748 1166 2833 luxuriaque
1193 2770 1262 2813 riou

134 2854 314 2918 dissideout
334 2874 393 2917 uec
415 2854 518 2917 altera
540 2856 678 2918 alteram
700 2860 806 2933 11111,
830 2852 871 2917 (11
893 2862 1014 2939 tranqu.
1037 2875 1064 2918 a
1089 2856 1140 2935 14,
1164 2856 1198 2936 1,
1221 2853 1261 2920 (11

135 2958 203 3028 ben.
226 2958 271 3038 V,
295 2962 325 3039 2,
350 2962 383 3039 1,
406 2957 447 3022 ad
469 2959 565 3024 Helv.
589 2962 619 3039 8,
643 2961 671 3023 6.

239 3066 293 3136 111.
338 3064 377 3128 In
409 3064 512 3129 locum
537 3065 711 3130 sententiae
736 3066 899 3152 primariae
929 3066 1127 3153 participium
1156 3066 1262 3148 futuri,

135 3179 169 3235 ut
201 3172 269 3236 eius
297 3155 373 3236 usus
401 3180 450 3236 est
476 3171 747 3256 frequentissimus
781 3172 865 3260 apud
889 3172 1048 3253 Senecam,
1080 3172 1261 3259 saepissime

137 3275 275 3342 succedit
298 3285 330 3341 et
357 3278 402 3342 ita
427 3276 568 3363 quidem,
595 3286 631 3342 ut
658 3279 691 3342 in
714 3280 875 3345 enuntiato
899 3277 1105 3344 condicionali
1127 3279 1261 3364 legatur:

240 3388 268 3467 a)
291 3383 439 3464 futurum,
462 3392 498 3448 ut
520 3382 560 3449 de
582 3407 613 3450 v.
635 3384 665 3450 b.
691 3388 1029 3471 1,1;ep.115,10;

240 3490 271 3574 b)
294 3489 351 3554 fut.
375 3499 533 3571 exactum,
555 3499 591 3554 ut
614 3512 662 3576 ep.
688 3494 781 3572 98,5
814 3493 862 3556 sic
887 3543 893 3556 .
914 3543 920 3556 .
941 3542 975 3556 ..
1008 3497 1168 3575 tauquam
1195 3512 1264 3557 riou

139 3597 275 3679 futurus
298 3597 336 3661 od
359 3599 417 3662 loo
439 3597 600 3679 miserior,
624 3599 655 3660 si
677 3598 791 3662 lubere
814 3597 961 3675 desierit·
986 3618 1034 3683 ep.
1052 3599 1103 3678 52,
1121 3601 1154 3678 3,
1177 3596 1218 3662 (11
1233 3621 1263 3664 v.

138 3700 165 3767 b.
189 3706 240 3784 13,
263 3706 298 3782 4,
322 3700 362 3766 (11
383 3702 472 3779 clem.
494 3701 522 3781 Ι,
547 3705 630 3783 1,1;

242 3814 269 3891 1)
293 3809 372 3873 coni.
395 3808 578 3895 praesentis,
606 3807 646 3872 de
669 3808 757 3873 clem.
779 3808 807 3889 1,
822 3813 853 3890 4,
870 3811 904 3890 1,
934 3831 982 3896 ep.
1006 3811 1058 3890 65,
1082 3813 1100 3874 2
1124 3810 1265 3875 materia

139 3915 219 3980 iacet
240 3916 339 3998 iuers,
366 3966 427 3981 ...
453 3921 626 3998 cessatura,
650 3916 681 3979 si
702 3936 797 3980 aerio
819 3922 961 3995 moueat,
986 3939 1016 3980 n.
1035 3938 1086 4001 qu.
1109 3915 1136 3996 I,
1159 3938 1214 4002 pr,
1230 3919 1265 3997 4,

140 4040 186 4110 ep.
209 4025 261 4104 23,
281 4023 316 4102 6,
