2790 4538
673 181 716 242 24

233 358 368 434 Locutio
396 371 477 435 adde
500 371 586 454 quod
608 377 640 435 et
662 371 731 457 ipsa
753 371 949 458 paucissimis
972 371 1049 435 locis
1072 371 1200 457 legitur,
1223 380 1259 435 ut

127 497 156 539 n.
181 497 231 560 qu.
253 475 318 555 IV,
342 480 371 556 2,
395 480 446 541 24.
594 553 595 556 ¹

234 585 262 663 e)
285 581 380 646 Illum
402 605 507 662 usum,
535 603 597 667 quo
625 582 777 668 particula
800 584 886 667 quod
913 591 987 669 apta
1009 591 1059 648 est
1081 606 1120 648 ex
1144 584 1260 663 verbis,

127 686 241 771 quibus
270 686 402 752 affectus
430 687 556 773 quidam
585 687 681 751 animi
708 677 877 767 indicatur,
904 688 949 752 ita
976 689 1100 753 silentio
1124 697 1260 770 transeo,

127 800 163 856 ut
184 815 282 857 unum
300 794 476 880 exemplum
492 793 667 858 inauditum
682 793 848 881 proferam,
870 792 910 859 de
925 794 995 859 ben.
1011 794 1057 875 H,
1074 799 1102 876 3,
1120 799 1138 860 3
1162 798 1260 879 malo,

87 977 91 983 ‚
128 901 215 983 quod
235 901 333 964 iiiam
357 903 453 965 talem
476 901 600 982 iuraui,
625 921 726 984 quam
748 901 803 964 si.
824 952 831 964 .
853 951 875 982 .,
899 900 954 965 ubi
976 902 1063 965 maio
1085 899 1170 965 idem
1193 900 1262 966 fere

127 1013 176 1069 est
198 1028 234 1070 ac
257 1008 363 1090 mapis
387 1009 495 1071 iactor.

233 1112 261 1196 f)
283 1112 335 1177 De
358 1137 389 1199 p.
411 1115 498 1197 quod
519 1113 580 1176 alia
597 1111 695 1176 verba
717 1111 785 1176 sive
807 1112 993 1198 personalia,
1017 1112 1085 1178 sive
1108 1112 1263 1200 imperso-

41 1203 44 1208 ⁵
127 1217 210 1282 naiia
232 1220 376 1304 sequenti
398 1219 432 1282 hi
452 1219 515 1283 loci
537 1216 720 1282 afferantur:

234 1322 274 1389 de
297 1325 367 1389 ben.
386 1324 449 1405 VI,
471 1327 558 1404 13,4
580 1325 691 1408 itaque
714 1324 816 1406 dehac,
840 1346 910 1389 riou
932 1327 1019 1409 qued
1040 1326 1175 1389 redimis
1198 1347 1263 1408 me,

127 1432 183 1494 sed
205 1433 291 1515 quod
313 1431 420 1516 adipis·
444 1429 529 1494 idem
552 1430 683 1495 verbum
706 1437 756 1494 est
778 1429 841 1510 VI,
866 1433 917 1510 14,
941 1435 960 1495 2
967 1456 975 1511 ;
999 1430 1081 1510 VH,
1106 1433 1156 1510 31,
1181 1435 1200 1495 3
1207 1455 1216 1510 ;

234 1558 282 1622 ep.
307 1539 358 1616 58,
382 1539 421 1601 31
447 1537 582 1601 Putout
604 1536 783 1621 emtipisse,
808 1539 895 1620 quod
916 1538 1023 1602 rratati
1045 1559 1105 1602 seio
1128 1538 1265 1619 decessit

129 1648 159 1707 at
180 1663 310 1707 auuum
333 1664 442 1706 aurem
465 1648 561 1726 atqua
584 1643 813 1726 oetopesimum
836 1644 1001 1729 imputat·

233 1772 264 1813 n.
280 1772 331 1834 qu.
346 1748 412 1829 ΙΠ,
428 1752 515 1829 20,4
537 1749 615 1812 iude
638 1754 692 1830 est,
717 1751 876 1833 quod‘res
899 1750 1038 1814 abiectae
1060 1750 1099 1812 iu
1122 1751 1263 1814 euudem

129 1856 406 1940 laetamiapideae
428 1855 566 1918 subinde
589 1855 825 1935 eutratuutur;
855 1879 885 1920 n.
908 1878 958 1940 qu.
981 1855 1046 1936 IV,
1075 1858 1126 1935 13,
1148 1859 1168 1919 8
1175 1879 1183 1935 3
1212 1877 1263 1940 ep.

130 1965 180 2042 74,
205 1964 261 2042 11;
284 1983 377 2047 quam
399 1960 531 2025 formam
551 1958 716 2044 loquendi,
744 1983 806 2046 qua
833 1960 917 2025 idem
945 1960 1059 2025 dicitur
1081 1984 1117 2026 ac
1139 1962 1187 2026 sie
1210 1963 1261 2044 fit,

128 2072 168 2131 ut
190 2066 240 2149 (de
264 2068 333 2133 ben.
356 2066 422 2147 HI,
446 2070 475 2147 3,
498 2068 529 2148 4)
567 2064 718 2129 Erasmus
747 2088 805 2152 pro
828 2065 896 2131 cod.
919 2067 1029 2131 mutila
1051 2067 1205 2152 scriptura
1227 2068 1264 2131 id

128 2179 175 2237 est
201 2181 285 2238 recte
312 2173 432 2258 recepit
459 2170 498 2236 de
522 2172 568 2235 ira
589 2169 640 2250 Π,
663 2174 693 2251 2,
717 2173 745 2235 5.
790 2171 865 2237 Uno
893 2181 998 2236 autem
1020 2173 1104 2254 loco,
1126 2171 1167 2237 de
1190 2173 1261 2238 ben.

127 2278 173 2360 Π,
197 2282 249 2360 26,
273 2284 291 2344 2
316 2304 346 2366 p.
370 2285 410 2344 ut
430 2276 504 2342 inde
528 2274 653 2362 pendet.
725 2352 732 2366 ι

234 2391 265 2471 g)
293 2385 386 2462 uuoa
407 2384 479 2464 tale,
502 2392 538 2447 ut
553 2390 645 2448 sonet
667 2385 753 2467 quod
775 2385 893 2449 attinet
910 2385 954 2448 ad
974 2384 1012 2448 id
1028 2386 1115 2468 quod
1136 2382 1260 2450 duobus

127 2491 204 2556 locis
228 2492 335 2556 inveni
357 2515 387 2557 n.
410 2498 461 2576 qu.
484 2489 548 2566 VI,
572 2492 624 2569 29,
649 2491 665 2552 1
673 2514 682 2569 ;
706 2511 754 2574 ep.
777 2492 830 2570 45,
854 2493 882 2555 3.

234 2597 274 2680 h),
294 2597 394 2679 Quid,
419 2597 506 2681 quod
531 2595 610 2680 legis
638 2595 780 2681 saepius3
808 2596 951 2682 exemplo
980 2596 1043 2660 sint
1065 2594 1106 2661 de
1128 2597 1175 2660 ira
1196 2595 1261 2677 ΙΠ,

129 2703 180 2784 28,
203 2709 240 2785 4,
263 2703 303 2768 de
327 2727 356 2769 v.
371 2704 401 2769 b.
425 2707 455 2783 8,
479 2705 513 2783 13
536 2701 576 2767 de
600 2710 642 2766 ot
667 2705 696 2782 1,
721 2705 754 2782 13
777 2733 805 2770 n2.
821 2725 871 2788 qu.
889 2702 953 2783 VI,
978 2706 1029 2783 27,
1054 2708 1087 2783 3;
1111 2707 1163 2782 28,
1188 2706 1216 2767 1.

236 2811 261 2894 i)
284 2809 385 2890 Idem,
405 2808 490 2895 quod
505 2808 558 2872 alii
574 2809 742 2894 scriptores
756 2809 939 2895 plerumque
954 2831 1016 2874 v.v.
1028 2816 1262 2895 praeterquam

131 2919 217 3001 quod
239 2925 471 3003 expresserunt,
495 2915 615 2980 Seneca
636 2915 767 2981 vocibus
788 2921 919 3001 praeter
942 2917 1008 2997 tec,
1033 2917 1119 3000 qued
1140 2938 1189 3001 ep.
1211 2920 1262 2996 81,

129 3027 170 3089 29
177 3048 185 3103 3
208 3022 249 3087 ad
271 3022 318 3087 M.
342 3021 382 3087 de
404 3045 430 3086 c.
455 3026 506 3102 23,
532 3025 560 3103 1,
583 3021 679 3086 semel
702 3044 764 3086 v.v.
779 3028 911 3107 praeter
932 3023 976 3104 id,
1001 3023 1088 3107 quod
1109 3020 1149 3086 de
1173 3022 1260 3087 clem.

127 3128 174 3209 H,
202 3133 274 3210 2,2
308 3128 507 3214 significavit,
542 3150 612 3192 cum
639 3150 703 3194 v.v.
722 3133 955 3214 praeterquam
990 3130 1076 3212 quod
1107 3150 1261 3213 nusquam

127 3235 278 3321 legantur.

288 3343 321 3409 2.
366 3340 479 3416 Paucis
503 3341 580 3406 locis
604 3363 718 3406 nomen
742 3341 915 3406 sententiae
938 3341 1102 3426 primariae
1125 3340 1262 3426 explieat

130 3447 264 3532 scriptor
286 3447 457 3527 enuntiato,
480 3447 565 3532 quod
589 3446 748 3511 inducitur
769 3471 799 3533 p.
823 3448 913 3532 quia,
937 3446 977 3511 de
999 3447 1086 3512 brev.
1110 3469 1140 3511 v.
1166 3448 1217 3525 16,
1241 3449 1259 3510 2

129 3575 188 3618 uec
211 3558 258 3616 est
279 3555 365 3636 quod
387 3554 444 3618 hoe
459 3559 652 3638 arpumeuto
667 3553 806 3640 probari
822 3559 920 3638 putes
937 3556 1066 3636 trapam
1080 3553 1154 3616 iilos
1169 3574 1261 3635 apere

129 3660 242 3740 ettam,
267 3659 347 3742 quia
368 3660 538 3724 interdum
560 3666 697 3725 *reortem
719 3661 891 3738 invocant·
917 3658 957 3724 de
976 3683 1006 3724 v.
1021 3659 1051 3724 b.
1070 3662 1110 3723 13
1134 3660 1192 3722 hoa
1216 3663 1262 3722 est

129 3786 189 3829 eur
219 3765 285 3828 ista
317 3766 495 3848 uoluptatis
528 3767 674 3830 laredatro
701 3765 889 3851 peruiciosa
920 3767 980 3849 sit,
1015 3766 1095 3849 quia
1127 3766 1261 3828 hortata

128 3877 299 3955 praecepta
320 3871 413 3935 iutra
433 3873 541 3952 lateat,
566 3872 653 3954 quod
668 3871 858 3955 corrumpit,
883 3877 1036 3956 apparet·
1061 3873 1260 3956 ep.122,14

128 3997 229 4041 eausa
251 3982 361 4042 autem
385 3981 432 4040 est
453 3977 502 4039 ita
524 3976 657 4041 oiceudi
679 3977 888 4062 quibusdam,
911 3999 980 4041 uou
1003 3978 1106 4063 quia.
1128 4029 1134 4044 .
1155 4029 1161 4041 .
1171 4028 1180 4059 ,
1205 3979 1262 4043 sea
