2790 4538
682 183 724 246 39

243 373 351 438 Habet
372 373 468 459 igitur
489 371 567 437 haec
588 373 767 438 coniunctio
788 395 893 440 seeum

181 481 213 546 1.
244 477 449 544 indicativum

244 591 272 668 a)
294 585 468 671 praesentis
496 586 529 649 in
556 587 720 652 sententiis
747 588 893 653 universe
920 586 1026 668 dietis,
1053 596 1089 652 ut
1110 588 1263 675 interpre·
1354 583 1356 586 ’

134 690 234 756 tanda
256 692 298 756 sit
320 714 427 774 (5555,
450 698 486 755 ut
509 690 548 756 de
571 692 617 756 ira
639 691 704 773 ΙΠ,
728 695 757 773 1,
782 694 815 774 1,
840 695 868 773 1,
893 698 927 774 5,
952 696 1003 774 16,
1026 697 1061 774 2;
1084 692 1124 759 de
1140 717 1170 759 v.
1186 694 1215 759 b.
1234 698 1262 775 1,

136 801 172 878 1,
197 796 237 863 de
258 805 381 884 tranqu.
404 820 431 862 a.
455 801 484 877 2,
509 800 542 878 7,
572 801 600 878 7,
625 803 643 863 3
672 805 836 884 quantuor
859 801 981 865 65555(
1004 806 1058 882 cst,
1082 801 1142 864 ooo·
1159 822 1258 886 proc-

127 910 255 988 1555515
276 910 358 968 curet
375 909 515 989 pectora,
538 905 577 969 o'rr
593 926 675 988 quac
697 911 766 970 tuto
781 911 938 970 secretum
961 928 1056 970 (5555
1078 908 1261 990 descendat·

133 1007 176 1074 de
196 1008 265 1074 ben.
287 1009 333 1090 H,
358 1013 386 1090 5,
413 1013 446 1091 3,
468 1034 498 1075 n.
518 1010 649 1096 qam,
673 1014 724 1091 26,
747 1015 782 1091 8,
806 1013 858 1092 27,
882 1014 916 1091 2,
938 1011 1002 1092 VI,
1027 1013 1077 1092 12,
1102 1017 1135 1093 1,
1161 1014 1211 1093 18,
1227 1017 1261 1094 2,

135 1118 189 1196 29,
206 1118 239 1197 1,
262 1113 447 1181 adverbium
464 1117 614 1204 temporis
639 1123 717 1182 terrac
739 1116 897 1182 antecedit
918 1116 958 1182 de
974 1125 1016 1181 ot.
1034 1119 1062 1198 1,
1080 1120 1113 1199 1,
1136 1117 1176 1184 de
1192 1119 1262 1184 ben.

133 1220 161 1301 I,
188 1223 238 1301 15,
263 1225 297 1301 3,
319 1220 428 1286 addito
456 1224 555 1288 ctiam
577 1223 760 1289 concessiva
786 1222 878 1287 simul
900 1223 949 1288 vis
973 1223 1002 1288 ei
1024 1223 1107 1290 inest
1129 1222 1169 1289 de
1192 1224 1262 1290 ben.

133 1326 276 1413 17,·29,
300 1331 333 1407 2;
361 1326 470 1393 deira
496 1328 523 1409 Ι,
553 1330 604 1410 17,
628 1331 662 1410 6,
692 1351 740 1417 ep.
765 1332 815 1409 99,
840 1332 868 1392 7.
917 1328 1064 1414 Denique
1096 1328 1137 1394 ad
1168 1352 1261 1395 unam

134 1455 202 1498 rem
224 1433 361 1498 futuram
384 1442 506 1520 spectat
532 1436 591 1499 orbi
617 1457 688 1499 cum
710 1443 874 1521 praesente
897 1457 1051 1500 conexum
1072 1459 1102 1500 n.
1125 1459 1175 1521 qu.
1197 1435 1262 1518 ΙΠ,

136 1541 225 1618 27,9
249 1545 375 1623 quauta
398 1561 473 1605 com
491 1542 763 1627 praecipitatione
786 1544 976 1625 colorentur,
1004 1542 1063 1606 ubi
1087 1563 1147 1627 per
1169 1563 1259 1606 corrr-

130 1645 260 1730 pestrc'u
285 1646 394 1729 ,75553
420 1647 557 1711 Rhenus
581 1699 588 1712 .
613 1699 620 1712 .
646 1699 653 1712 .
684 1648 862 1712 7553355553
889 1649 977 1712 octat
999 1653 1261 1733 5555953155(
1344 1647 1347 1652 ’

135 1771 241 1835 oquae
262 1751 413 1836 5555752,
437 1750 547 1816 eodem
564 1751 658 1817 modo
674 1774 710 1816 ac
733 1774 818 1835 oum,
841 1752 927 1837 quod
942 1752 1090 1817 continuo
1114 1752 1262 1838 sequitur,

135 1864 298 1942 praeterea
319 1858 379 1921 cor·
401 1861 453 1938 28,
476 1861 495 1921 2
524 1879 595 1921 eum
616 1880 716 1944 praes.
740 1866 773 1923 et
798 1858 876 1944 perf.
904 1881 940 1923 ac
968 1863 1019 1941 28,
1043 1863 1062 1924 3
1091 1880 1162 1923 eum
1183 1858 1261 1946 perf.

135 1984 297 2028 conexum.

241 2067 273 2152 b)
305 2070 369 2135 Uoi
389 2067 485 2134 habet
507 2090 612 2134 seeum
635 2068 698 2135 ind.
713 2071 791 2157 perf.
813 2071 987 2158 praesentis
1009 2072 1043 2135 in
1065 2071 1261 2157 generalibus

136 2174 300 2239 sententiis
324 2174 364 2239 de
379 2175 426 2239 ira
439 2174 504 2256 ΙΠ,
521 2178 571 2255 16,
588 2180 607 2240 2
627 2178 836 2262 periclitatur
850 2179 940 2243 5555
956 2177 1074 2260 (audias
1086 2179 1260 2264 potentio),

136 2282 195 2345 515Ι
217 2303 277 2363 eoo,
301 2283 361 2366 qui
381 2284 560 2367 separatior
580 2288 724 2367 perrorat,
748 2284 1052 2348 communicaretur
1071 2284 1198 2365 555511,
1222 2281 1262 2348 de
1347 2359 1349 2362 ¹

137 2387 223 2451 clem.
246 2387 274 2466 Ι,
297 2376 348 2468 25,
372 2390 407 2468 4,
431 2392 482 2469 25,
507 2392 541 2470 5,
569 2387 609 2453 de
632 2396 753 2474 tranqu.
776 2411 803 2453 a
828 2391 856 2469 1,
881 2390 936 2469 11,
966 2392 994 2470 1,
1019 2391 1074 2468 12,
1099 2390 1128 2469 1,
1153 2391 1208 2468 14,
1231 2412 1261 2454 5.

137 2516 186 2578 qu.
210 2492 273 2573 VI,
298 2496 348 2574 17,
372 2497 406 2573 2,
431 2497 481 2572 20,
506 2497 540 2574 2,
564 2498 615 2574 28,
638 2499 673 2575 2,
697 2499 749 2576 29,
773 2500 807 2575 3,
830 2496 919 2580 quasi
941 2495 1000 2559 ubi
1021 2495 1180 2581 propriam
1201 2494 1262 2559 loci

138 2599 393 2684 significationem
415 2599 537 2682 habeat,
559 2601 592 2665 in
616 2610 693 2666 seut.
709 2603 854 2688 primaria
875 2603 944 2667 r'tlo'c
966 2599 1123 2666 antecedit
1145 2623 1194 2687 ep.
1210 2605 1261 2683 88,

140 2708 179 2770 34
207 2728 252 2770 55
280 2707 490 2772 obliviscatur
522 2711 574 2790 (se.
597 2709 744 2791 carmus)
776 2708 932 2792 priorum
959 2713 990 2772 et
1014 2708 1083 2772 o'tlr'c
1109 2729 1202 2784 55335
1229 2730 1262 2772 sc

138 2812 286 2897 incipiat,
309 2813 369 2876 ooo·
391 2815 518 2899 corporo¹
540 2813 698 2877 obdroctus
715 2814 752 2877 o'rr
772 2814 910 2878 subterna
932 2814 1060 2878 secessit
1082 2812 1130 2895 (of.
1146 2835 1194 2899 ep.
1212 2815 1263 2894 71,

141 2920 178 2982 29
202 2919 280 3000 illoc,
303 2919 359 3002 eo').

243 3029 270 3108 e)
293 3024 516 3111 Imperfectum
539 3024 572 3088 in
594 3025 770 3091 narratione
793 3025 922 3125 alicuius
944 3027 999 3106 rei,
1026 3049 1105 3112 quae
1128 3049 1185 3113 per
1206 3026 1263 3090 511-

140 3139 287 3216 quantum
309 3132 459 3218 temporis
482 3129 686 3217 producatur,
713 3131 820 3197 inveni
844 3154 892 3218 ep.
918 3134 968 3213 11,
993 3134 1009 3196 1
1035 3133 1094 3196 ooo·
1115 3155 1147 3196 so
1170 3133 1259 3197 coltr'-
1376 3156 1379 3161 ·

138 3239 240 3320 pedat,
269 3239 499 3302 rcrocurrdo'om
524 3289 530 3301 .
557 3289 564 3302 .
589 3289 628 3302 ..
664 3239 721 3302 oo'or
747 3239 860 3323 potuit
886 3244 1030 3302 excutere
1058 3260 1158 3323 neque
1186 3261 1262 3303 vero

140 3365 269 3429 usquam
291 3343 373 3409 aiibi.

243 3449 275 3532 d)
298 3449 546 3536 Plusquamperf.
574 3449 615 3514 ad
647 3448 881 3535 significandum
914 3457 1030 3513 statum
1061 3471 1261 3535 praegressae

141 3557 269 3621 aetionis
305 3556 481 3621 absolutum
515 3556 663 3622 Gertzius
696 3556 873 3621 coniectura
903 3555 935 3619 in
968 3555 1065 3620 verba
1101 3555 1261 3641 scriptoris

140 3661 243 3728 intuiit
270 3661 310 3726 de
336 3663 383 3726 ira
405 3662 469 3742 ΙΠ,
497 3666 548 3743 28,
573 3666 591 3728 3
620 3664 740 3727 multos
766 3663 943 3726 55555555
969 3682 1115 3743 moneor,
1144 3663 1263 3726 mattos

141 3769 254 3833 551553
281 3769 371 3852 fecit,
405 3770 505 3833 eto'om
536 3769 595 3833 566
622 3770 804 3854 potientem
835 3774 958 3833 concta
990 3767 1164 3831 materiam
1195 3772 1265 3831 erut

147 3877 225 3958 (erat
246 3875 278 3938 in
302 3874 369 3939 cod.
386 3874 493 3957 abest).
531 3874 636 3952 Quam
659 3875 844 3960 scripturam
865 3896 971 3939 veram
993 3872 1152 3953 ducemus,
1175 3894 1264 3958 prae-

143 3982 245 4047 sertim
269 4004 339 4045 cum
362 3981 395 4044 in
416 3980 567 4068 proximis
594 4003 688 4066 saepe
715 3981 824 4046 nimio
851 3981 901 4045 or's
924 3979 1084 4045 55555553
1103 4030 1109 4044 .
1130 4031 1136 4044 .
1157 4031 1164 4044 .
1185 3999 1261 4042 ocr-
