2790 4538
774 204 816 271 40

247 404 249 408 '
336 398 370 468 4.
401 396 549 485 Denique
565 419 782 480 commemoro,
802 407 988 464 structuram
1003 399 1087 465 illam
1103 401 1262 483 orationis,
1279 423 1364 487 quae

229 505 371 597 efficitur,
394 528 465 569 oum
487 505 676 569 locutionem
706 511 837 571 tautum
860 507 949 572 abest
974 507 1023 571 bis
1046 508 1224 573 coniunctio
1247 515 1365 574 11166-

228 613 335 698 quitur
364 612 422 692 ita,
456 619 492 675 ut
514 610 554 676 ab
581 611 680 676 altera
709 612 848 698 pendeat
879 614 1034 678 sententia
1064 614 1135 678 loco
1167 615 1363 680 substantivi

227 719 345 805 posita,
374 719 413 783 ab
441 717 538 783 altera
565 718 809 799 consecutionis,
836 740 964 804 prorsus
993 741 1062 784 esse
1090 720 1288 806 repudiatam
1320 721 1363 786 ab

227 823 287 888 hoc
310 824 470 910 scriptore.
514 824 562 887 At
588 845 651 886 uno
678 823 748 887 loco
772 846 837 888 rem
865 824 910 888 ita
931 824 1080 905 instituit,
1103 834 1139 889 ut
1162 827 1363 908 sententiam,

227 951 322 1015 quam
343 936 383 996 ut
404 931 623 994 consecutivae
639 955 668 1017 p.
685 930 831 1017 subiungi
847 939 1020 1018 exspectes,
1042 932 1128 996 nullo
1145 932 1271 996 vinculo
1288 955 1363 996 cum

228 1035 430 1121 sequentibus
462 1036 638 1122 copulatam
673 1045 821 1122 tanquam
859 1038 1035 1124 primariam
1067 1038 1098 1101 in
1137 1038 1226 1102 initio
1259 1039 1362 1103 totius

227 1151 400 1207 structurae
424 1143 631 1224 collocaverit,
654 1165 703 1228 ep.
728 1146 779 1224 90,
802 1148 844 1208 45
864 1144 1105 1228 parcebantque
1129 1146 1234 1209 adbuc
1257 1145 1362 1208 ettam

226 1249 329 1313 acutis
352 1250 575 1314 animalibus:
610 1254 741 1313 tautum
763 1251 891 1332 aberat,
919 1256 958 1314 ut
984 1251 1077 1314 bomo
1100 1250 1267 1314 homiuem
1290 1272 1362 1314 uou

225 1356 348 1437 tratas,
376 1377 445 1420 uou
473 1356 606 1438 timeat,
636 1355 767 1419 tautum
788 1361 995 1441 spectaturus
1022 1357 1184 1421 occideret.
1233 1355 1360 1421 Ceteris

226 1469 331 1526 autem
352 1460 440 1555 locis,
463 1461 517 1524 ubi
539 1460 622 1525 illius
646 1483 721 1526 usus
745 1462 867 1526 occasio
890 1461 965 1525 data
986 1470 1061 1542 erat,
1084 1461 1210 1527 brevius
1230 1462 1361 1548 scripsit

225 1569 303 1632 adeo
330 1569 362 1632 in
386 1567 543 1632 sententia
564 1576 711 1653 negante,
739 1568 789 1631 cui
812 1568 945 1654 simplex
967 1574 1007 1632 ut
1032 1590 1153 1633 consec.
1177 1568 1360 1649 subiciatur,

224 1673 312 1738 velut
343 1697 372 1737 n.
396 1696 447 1758 qu.
469 1672 552 1753 VH,
577 1677 670 1754 32,4
703 1676 780 1739 adeo
810 1675 899 1739 1111111
924 1696 962 1738 eu
984 1675 1036 1739 lu's
1057 1675 1243 1757 iuvenitur,
1275 1697 1360 1760 quae

222 1802 350 1865 parum
372 1781 568 1864 tucestipata
591 1781 724 1865 antiqui
745 1781 959 1865 reliquerunt,
987 1785 1027 1845 ut
1047 1782 1162 1858 multa,
1191 1801 1275 1864 quae
1297 1781 1356 1845 tu-

226 1893 324 1951 ueuta
346 1892 449 1968 aaut,
473 1887 716 1966 omitterentur,-
746 1885 786 1950 de
808 1888 879 1951 ben.
901 1885 928 1966 1,
953 1888 981 1966 1,
1006 1888 1061 1965 13,
1083 1884 1147 1965 IV,
1172 1889 1222 1966 12,
1246 1889 1282 1967 2,
1307 1890 1360 1968 15,

224 1996 261 2074 4,
293 1991 333 2056 (16
357 1993 445 2056 clem.
468 1991 496 2072 Ι,
521 1988 570 2072 10,
596 1996 629 2072 3,
663 1991 702 2057 (16
725 2001 824 2057 const.
847 2015 871 2056 s.
897 1995 924 2072 9,
949 1995 983 2071 2,
1015 1991 1055 2056 (16
1079 2015 1109 2056 v.
1132 1992 1161 2056 b.
1186 1995 1215 2073 1,
1240 1996 1275 2073 1,
1308 2016 1358 2080 cp.

160 2091 163 2096 ’
224 2102 276 2179 24,
300 2101 357 2178 11,
381 2101 432 2179 58,
456 2101 514 2178 28,
539 2101 589 2178 59,
614 2102 648 2177 2,
677 2101 729 2179 85,
754 2102 810 2179 34,
839 2101 911 2178 121,
937 2100 969 2177 7,
1000 2101 1072 2178 124,
1097 2101 1153 2178 12,
1181 2104 1221 2162 ut
1242 2106 1360 2164 scutra

224 2204 364 2290 sequitur
386 2227 415 2268 n.
438 2226 489 2289 qu.
511 2202 575 2285 IV,
599 2208 628 2284 2,
653 2207 710 2285 10,
738 2203 802 2284 VI,
826 2208 855 2284 2,
880 2207 913 2283 7,
942 2202 982 2267 (16
1005 2204 1075 2268 ben.
1102 2203 1167 2285 IV,
1197 2208 1226 2284 1,
1251 2208 1287 2286 2,
1319 2213 1360 2270 ut

223 2313 323 2378 etiam
350 2309 390 2374 de
418 2310 489 2374 ben.
512 2309 562 2390 H,
587 2313 637 2391 11,
662 2314 696 2391 3,
728 2309 768 2375 (16
796 2310 865 2374 ben.
889 2309 953 2390 IV,
981 2313 1032 2390 20,
1056 2314 1091 2390 2,
1123 2333 1187 2375 uno
1218 2309 1358 2397 denique

223 2416 303 2499 loco,
325 2417 366 2481 de
389 2425 430 2481 ot.
456 2420 485 2497 1,
507 2420 528 2480 4
550 2415 790 2501 legiturusque
813 2437 847 2480 eo
870 2416 965 2498 utbil,
989 2422 1036 2481 ut.

282 2692 304 2789 ξ
337 2688 374 2767 9.
429 2684 495 2766 De
528 2682 745 2792 particulis
779 2682 1019 2765 causalibus
1051 2683 1166 2793 quod,
1197 2684 1304 2794 quia,

552 2940 554 2945 p
591 2839 787 2949 quautam,
819 2839 987 2949 quaudo.

326 3061 357 3128 l.
401 3057 591 3123 Particulam
618 3059 698 3144 quia
725 3058 802 3123 miro
831 3057 967 3144 quodam
995 3058 1062 3122 eius
1091 3080 1195 3122 amore
1226 3066 1356 3145 captum

224 3165 375 3231 Senecam
402 3189 432 3252 p.
457 3165 543 3250 quod
568 3163 653 3228 idem
681 3165 866 3249 significanti
890 3163 982 3230 valde
1009 3165 1194 3251 praetulisse
1222 3174 1356 3252 apparet

221 3295 292 3336 cum
318 3272 359 3336 de
385 3272 455 3335 ben.
478 3270 498 3335 l.
521 3269 609 3350 VH,
636 3271 669 3333 in
697 3292 760 3354 quo
788 3274 830 3334 24
858 3270 934 3334 locis
964 3272 1057 3354 quta,
1086 3293 1239 3355 nusquam
1269 3273 1356 3356 quod

220 3379 405 3458 inveniatur,
428 3386 496 3441 tum
511 3376 570 3441 usu
589 3376 740 3441 formulae
763 3398 832 3441 uou
848 3378 1004 3461 quta-sed
1026 3378 1115 3462 quta,
1139 3375 1179 3440 de
1195 3399 1258 3462 qua
1273 3377 1355 3442 infra

220 3507 317 3570 agam.
374 3483 522 3549 Ceterum
557 3483 667 3547 harum
703 3506 828 3569 quoque
860 3506 921 3569 pp.
949 3483 998 3547 vis
1031 3483 1156 3569 saepius
1192 3483 1352 3549 adverbiis

221 3591 352 3676 aliisque
375 3591 506 3656 vocibus
529 3590 562 3653 in
585 3597 663 3654 sent.
686 3590 776 3676 prim.
799 3590 913 3675 positis
936 3590 1141 3674 significatur:
1166 3588 1206 3654 (16
1229 3598 1352 3676 tranqu.

221 3700 308 3777 11,5
338 3700 384 3784 (eo
407 3698 543 3782 maqts),·
568 3719 615 3783 ep.
633 3700 719 3777 23,2
750 3697 816 3781 (llo
839 3697 974 3780 acopis),
999 3718 1047 3782 ep.
1065 3699 1174 3777 91,13
1197 3697 1246 3781 (ob
1264 3699 1350 3782 boc),·

220 3801 260 3867 (16
283 3802 353 3867 ben.
376 3802 403 3884 Ι,
428 3806 457 3883 1,
477 3808 495 3868 3
525 3803 575 3889 (ob
596 3803 634 3866 a‘d
654 3803 797 3888 apsum);
821 3801 862 3865 de
884 3802 970 3867 brev.
994 3825 1024 3866 v.
1050 3806 1078 3883 7,
1102 3805 1121 3866 5
1150 3803 1242 3887 (ideo,
1266 3801 1350 3888 quod

219 3910 402 3996 saepissime
423 3910 468 3974 ita
489 3909 617 3994 legitur3
640 3916 674 3973 at
687 3930 846 3993 nunquam
864 3908 984 3972 idcirco
1000 3916 1054 3973 aut
1064 3915 1246 3994 propterea,
1271 3931 1348 3994 quae

220 4017 346 4083 omnino
374 4017 497 4102 vitavit)
503 4042 512 4098 3
540 4015 578 4080 cf.
601 4039 630 4079 n.
653 4037 704 4100 qu.
727 4013 773 4095 H,
802 4018 854 4096 38,
876 4018 898 4078 4
925 4016 983 4079 boe
1000 4016 1146 4100 prodest,
1175 4015 1256 4100 quia
1285 4013 1348 4099 fati
