2790 4538
674 181 717 249 49

591 264 797 286 —-l-—

127 373 246 440 timcre
260 378 292 440 et
310 375 448 441 tristitia
462 383 574 442 careat
587 399 645 442 aec
659 378 775 444 mimas
792 379 942 464 pecudes,
965 399 1034 444 606
1054 378 1125 444 ideo
1150 381 1259 445 tamm

127 482 307 566 qaisquam
322 483 433 567 felicia
447 484 575 567 dicerit,
593 485 713 569 quibas
723 506 793 551 606
803 491 851 550 est
864 485 1005 569 felicitas
1016 485 1216 552 intellectas.
1231 488 1252 571 .)

128 626 170 636 -
194 610 258 673 quo
280 588 350 653 loco
372 612 403 676 p.
427 591 585 675 pamiam
612 613 676 655 non
704 614 798 657 causa
823 591 921 656 totius
948 591 1109 678 proximae
1132 600 1259 657 senten-

130 693 192 758 tiae
216 692 273 758 sed
296 716 390 759 causa
413 693 551 778 affertur,
583 718 638 760 eur
667 697 721 762 illa
744 697 897 781 beneficia
923 686 1064 762 66660663
1087 696 1260 763 definitioni

130 797 311 865 adiciantur.
356 801 401 865 Et
423 802 533 868 similis
556 811 685 867 naturae
710 811 759 868 est
781 827 810 867 n.
834 826 884 888 qu.
907 803 971 884 IV,
996 807 1046 883 13,
1071 808 1098 869 3.

235 909 269 975 4.
320 907 457 984 Quaado
473 909 700 990 coniunctione,
722 917 759 973 ut
774 910 932 994 qamiam
955 931 1056 990 causa,
1075 931 1154 994 quae
1177 910 1259 974 inter

131 1034 238 1076 omnes
261 1021 392 1094 constat,
415 1014 606 1100 significatur
629 1013 669 1079 de
691 1023 813 1100 tranqu.
829 1038 855 1079 a.
881 1018 931 1096 15,
956 1019 974 1080 3
980 1040 989 1096 3
1013 1037 1061 1100 ep.
1086 1018 1137 1096 66,
1161 1019 1180 1080 8
1186 1040 1195 1096 ;
1218 1016 1258 1080 de

130 1117 215 1185 brev.
238 1141 269 1184 v.
295 1122 323 1200 7,
347 1123 381 1200 33
404 1120 444 1184 ad
466 1119 563 1186 Helv.
588 1123 639 1202 13,
663 1123 691 1186 6.
736 1199 739 1206 μ

331 1419 354 1518 6
390 1417 455 1496 10.
508 1411 575 1494 De
606 1411 822 1520 particulis
853 1413 1062 1498 finalibus,

236 1651 267 1718 l.
312 1649 448 1716 Accedit
470 1648 628 1715 interdum
650 1650 862 1716 coniunctioni
889 1651 974 1716 finali
1001 1649 1072 1738 plus
1094 1651 1259 1737 gravitatis

134 1756 262 1822 vocibus
285 1758 475 1843 praegressis
497 1758 568 1822 ideo
592 1757 639 1840 (cf.
663 1756 703 1822 de
718 1765 839 1843 tranqu.
862 1780 889 1822 a.
911 1762 943 1838 4,
965 1761 986 1822 4
992 1781 1001 1838 ;
1024 1756 1064 1822 de
1079 1757 1150 1822 ben.
1165 1757 1192 1838 Ι,
1210 1760 1260 1839 11,

137 1866 178 1946 3);
208 1864 248 1927 66
271 1865 329 1928 trac
351 1864 399 1947 (cf.
423 1862 472 1929 ad.
495 1864 541 1929 M.
564 1862 605 1928 de
628 1886 653 1928 c.
684 1867 793 1946 15,1;
826 1887 874 1951 ep.
899 1866 950 1945 66,
975 1869 1019 1948 3);
1051 1865 1090 1928 06
1113 1865 1170 1929 icoc
1202 1869 1261 1949 (ep.

137 1972 183 2050 36,
202 1972 247 2053 1);
270 1972 369 2053 eccc*)
393 1969 433 2035 de
448 1971 519 2037 ben.
535 1970 599 2051 IV,
616 1973 701 2051 36,1
726 1973 847 2036 damme
865 1971 1026 2055 castipabc
1037 1971 1262 2056 promitteretis

136 2077 362 2141 temeritatem:
395 2099 475 2160 ecce,
508 2083 548 2142 at
573 2078 678 2142 doleat
705 2078 780 2160 tibi,
813 2084 853 2142 at
879 2083 994 2163 pastea
1026 2077 1262 2142 consideratius

136 2183 287 2268 thmaris.
436 2269 439 2274 Ι

237 2291 270 2358 2.
315 2290 352 2355 P.
376 2311 439 2375 qma
471 2313 542 2355 cum
574 2290 787 2377 comparativo
818 2287 918 2376 gradu
949 2289 1133 2355 coniunctae
1164 2290 1262 2354 multa

136 2403 206 2460 sunt
228 2396 380 2483 exempla.

238 2502 271 2571 3.
326 2503 368 2568 Ut
389 2524 430 2567 mc
452 2527 483 2589 p.
505 2503 606 2568 finalis
629 2504 748 2570 nullum
771 2512 876 2569 exstat
898 2503 1074 2589 vestigium.

139 2597 142 2604 ¹
236 2612 271 2678 4.
316 2610 383 2675 Nec
405 2610 464 2674 666
491 2631 554 2675 uno
577 2609 646 2674 loco
669 2609 752 2674 idem
776 2618 826 2674 est
848 2631 883 2673 ac
905 2631 947 2674 me
969 2609 1101 2689 6160666,
1123 2607 1186 2673 lud.
1212 2611 1264 2690 13,

137 2719 153 2780 6
175 2738 256 2802 qaas
276 2715 434 2781 Omadias
457 2737 578 2800 ammes,
600 2717 718 2781 mccabi
732 2717 909 2801 inparatus
925 2722 1012 2798 esset,
1032 2716 1259 2801 praemiserat.

238 2823 271 2891 6.
316 2821 415 2887 Haud
443 2823 579 2888 alienum
606 2822 666 2887 erit
697 2822 791 2887 huius
820 2822 1006 2909 paragraphi
1037 2823 1130 2886 finem
1161 2822 1263 2887 facere

134 2929 283 3015 particula
306 2930 428 2994 medam
449 2927 620 3009 tractanda,
635 2950 715 3013 quae
730 2929 856 3016 proprie
875 2929 1109 3015 interpretanda
1131 2929 1174 2994 sit
1188 2931 1264 2994 dass

127 3037 167 3120 ja
196 3037 298 3102 aicit.
365 3035 485 3102 Seneca
519 3034 614 3120 igitur
645 3034 731 3099 nullo
762 3034 832 3100 loco
864 3036 936 3100 voci
967 3037 1102 3119 666666,
1140 3034 1263 3100 duobus

133 3143 208 3209 locis
232 3143 363 3208 vocibus
392 3144 514 3208 medam
537 3147 576 3206 at
597 3141 831 3208 coniunctivum
855 3142 1017 3208 subiunxit
1038 3150 1112 3228 post
1139 3149 1264 3206 senten-

133 3249 207 3314 tiam
229 3250 409 3336 primariam
436 3256 580 3334 negatam
587 3297 596 3330 ,
623 3247 664 3313 de
686 3248 773 3315 brev.
795 3271 826 3314 v.
852 3253 880 3330 7,
902 3253 924 3313 4
947 3250 1062 3333 piures
1090 3253 1199 3312 tamea
1227 3269 1265 3312 ea

133 3355 184 3420 teis
206 3357 357 3420 amdam
381 3378 414 3421 se
436 3357 519 3421 scire
547 3356 688 3439 confessi
710 3357 780 3421 cita
806 3356 972 3437 abierant,
1000 3355 1123 3419 medam
1147 3360 1187 3418 at
1206 3355 1266 3418 isti

133 3463 241 3528 sciamt
262 3461 354 3527 etde
375 3471 474 3528 const.
497 3485 521 3528 s.
538 3467 569 3543 8,
586 3467 620 3544 33
643 3463 756 3528 ceteris
779 3470 883 3527 autem
901 3460 988 3541 locis,
1010 3461 1124 3546 quibus
1140 3469 1265 3525 senten-

134 3567 177 3633 tia
203 3567 351 3655 primaria
373 3573 484 3633 voce'm
510 3576 677 3656 negantem
704 3569 858 3649 continet,
886 3590 925 3633 ex
952 3566 1036 3632 illius
1062 3566 1161 3633 verbo
1191 3574 1266 3653 post

236 3841 267 3910 1)
285 3840 373 3897 Huius
391 3839 504 3896 voculae
528 3840 602 3910 apud
625 3841 754 3897 Senecam
778 3839 906 3909 frequens
929 3844 972 3895 est
995 3854 1061 3894 usus
1079 3843 1108 3894 et
1125 3843 1189 3894 ante
1206 3855 1266 3909 prc-

136 3928 243 3986 numina
261 3929 385 3984 demostr.
405 3926 443 3995 (n.
457 3942 499 3995 qu.
512 3927 561 3996 VI,
581 3926 623 3996 26,
636 3927 667 3998 3;
686 3943 727 3998 ep.
741 3927 783 3996 68,
802 3927 832 3996 7,
851 3925 892 3994 16,
906 3925 949 3991 12)
967 3930 1078 3981 etanta
1096 3925 1267 3982 substantiva

137 4031 177 4086 ep.
194 4017 219 4087 9,
238 4016 272 4070 19
289 4031 343 4070 cccc
360 4015 402 4069 eir
419 4014 499 4080 tortis
517 4031 549 4068 ac
565 4017 722 4082 strenam!,·
739 4013 782 4083 16,
800 4013 847 4083 10;
866 4013 908 4082 63,
927 4012 960 4066 12
966 4033 973 4083 ;
990 4011 1034 4082 49,
1053 4012 1083 4082 1;
1101 4012 1143 4081 82,
1162 4012 1185 4067 7.

1146 4113 1164 4173 4
