2790 4538
755 183 798 250 48

212 375 252 441 in
274 375 315 441 ad
338 399 406 442 eam
428 397 503 457 rem,
525 397 605 462 quae
622 376 803 458 intenditur,
827 377 1059 464 significandam
1076 379 1124 462 (of.
1140 378 1180 443 de
1195 401 1226 444 v.
1241 377 1273 444 b.
1292 380 1348 461 26,

216 487 234 548 5
259 505 354 569 qoem
374 484 509 548 artimus
524 483 682 548 uitiorum
696 484 860 549 immunis
873 486 1043 571 inerepare
1061 487 1152 567 ultor,
1176 506 1244 550 noa
1262 487 1349 570 quio

166 666 169 671 ¹
214 591 289 670 odit,
311 591 367 654 sed
387 590 426 654 r'u
447 591 628 654 remedium
650 591 750 676 iubet)
773 591 826 656 vel
840 592 1003 655 immutata
1017 592 1166 656 orationis
1186 599 1350 656 structura

215 717 289 761 vera
316 718 409 760 causa
440 694 638 782 adiungatur,
670 705 706 760 ut
733 719 781 783 ep.
806 700 919 777 106,1
957 697 1096 762 Tardius
1128 699 1269 763 rescribo
1302 701 1351 763 od

214 803 370 888 epistulas
394 808 478 884 tuos,
500 823 569 866 uon
592 802 672 886 quio
694 802 862 866 districtus
889 805 1157 890 occupationibus
1179 826 1256 869 sum
1279 856 1285 869 .
1307 857 1315 870 .
1339 857 1346 870 .

215 947 256 955 —
276 907 357 991 quid
378 929 450 992 erqo
473 908 542 992 fuit
564 929 689 991 quare.
710 959 716 972 .
738 911 769 972 ..2
794 909 944 974 ueniebat
964 911 1003 974 in
1026 917 1211 975 contextum
1234 913 1349 997 operis

214 1035 288 1078 mer.

320 1119 563 1185 Coniunctivum
586 1128 691 1185 autem
713 1120 840 1186 modum
863 1122 895 1185 in
920 1120 1074 1187 eiusmodi
1097 1121 1263 1187 sententiis
1288 1121 1350 1186 Se-

213 1250 291 1292 neca
312 1234 422 1312 quater
444 1225 497 1291 vel
518 1234 573 1291 ter'
588 1226 695 1312 posuit
717 1225 757 1291 de
780 1236 822 1292 ot
845 1227 909 1308 ΠΙ,
934 1232 968 1309 1;
992 1251 1040 1314 ep.
1066 1232 1138 1309 122,
1163 1231 1219 1309 14;
1241 1251 1273 1292 n.
1293 1251 1348 1314 qu.

213 1334 259 1414 V,
284 1336 387 1414 17,1,
414 1332 467 1417 qui
494 1331 582 1396 locus
606 1332 678 1397 ideo
705 1355 830 1418 quoque
857 1335 1016 1398 mentione
1040 1332 1153 1419 dignus
1177 1341 1234 1412 est,
1258 1333 1349 1419 quod

213 1462 289 1505 vera
311 1461 405 1505 causa
430 1463 460 1525 p.
484 1439 642 1523 quoniam
669 1439 868 1524 subiungitur
894 1440 1004 1504 Placet
1030 1446 1141 1506 autern
1174 1441 1349 1504 duodecim

213 1553 324 1612 uentos
347 1568 420 1628 esse,
444 1567 512 1610 oon
535 1546 616 1630 quia
637 1547 758 1630 ubique
782 1552 827 1611 tot
847 1547 918 1610 siut
944 1547 1114 1632 (quosdam
1133 1547 1222 1610 euim
1240 1546 1345 1610 inoli-

213 1653 309 1718 rrotio'
330 1659 493 1716 terrorum
508 1652 673 1735 excludit),
696 1654 752 1717 sed
770 1653 928 1737 quoniam
943 1673 1111 1738 nusquam
1121 1654 1236 1738 plures
1251 1658 1345 1716 sunt.

213 1759 260 1823 At
282 1781 353 1822 oum
375 1758 523 1822 continuo
547 1766 695 1842 sequatur
716 1757 866 1844 periodus
882 1758 1042 1843 proximae
1057 1779 1185 1843 prorsus
1201 1765 1348 1842 cognata,

214 1887 293 1950 quae
316 1864 365 1930 bis
387 1861 593 1927 indicativum
614 1863 737 1944 habeat,
758 1863 843 1927 haud
871 1863 1070 1928 dubiosum
1098 1861 1267 1948 legendum
1296 1872 1349 1928 est

212 1993 270 2057 pro
292 1972 371 2034 siat.
418 1970 559 2048 Quartus
587 1969 673 2033 locus
702 1977 751 2034 est
778 1968 818 2034 de
841 1970 887 2034 ira
908 1969 936 2051 I,
960 1972 989 2050 6,
1009 1973 1030 2034 4
1057 1991 1126 2034 nort
1153 1969 1234 2054 quia
1256 1971 1344 2034 dele-

213 2083 316 2141 ctetur
341 2129 347 2141 .
368 2128 375 2141 .
396 2127 419 2159 .,
443 2077 498 2140 sed
520 2082 559 2139 ut
583 2127 588 2140 .
610 2127 643 2140 ..
669 2077 747 2142 siut.

318 2182 412 2246 Hanc
435 2182 648 2267 exemplorum
671 2182 783 2246 seriem
806 2182 833 2246 si
855 2181 1158 2268 perlustraverimus,
1181 2203 1229 2267 ep.
1255 2183 1346 2262 26,4

213 2295 244 2355 θῖ
274 2289 349 2374 quis
380 2289 486 2352 esitus
518 2293 565 2352 est
594 2289 721 2370 molior,
754 2309 856 2372 quom
886 2289 925 2351 du
956 2289 1060 2372 [tuem
1090 2310 1192 2353 suum
1218 2295 1347 2353 notura

212 2398 351 2460 solvente
373 2395 497 2470 dilabi?
531 2415 599 2459 nort
628 2395 708 2478 quia
734 2394 863 2479 aliquid
884 2395 967 2459 molt
990 2394 1051 2477 (sit)
1074 2396 1160 2460 istus
1183 2400 1214 2459 θῖ
1235 2417 1252 2459 θ
1275 2396 1347 2460 otta

212 2503 405 2589 repentinus
433 2522 591 2583 excessus,
619 2502 675 2565 sed
701 2501 781 2585 quio
809 2502 891 2565 lenis
918 2502 995 2566 Ιιθθθ
1022 2507 1069 2565 θεῖ
1094 2502 1165 2583 oio,
1193 2501 1344 2582 subduoi,

213 2607 291 2673 illud
313 2610 370 2692 sit,
390 2608 476 2694 quod
499 2607 637 2689 Haasius
666 2629 705 2671 ex
728 2629 785 2672 sua
807 2608 988 2671 coniectura
1007 2607 1040 2670 in
1063 2606 1160 2672 verba
1182 2607 1345 2693 scriptoris

211 2715 330 2795 intulit,
358 2723 441 2780 certe
469 2714 502 2778 in
530 2713 757 2779 dubitationem
786 2735 898 2780 vocare
925 2711 1041 2777 licebit.
1091 2711 1135 2776 Et
1162 2721 1344 2798 comparato

211 2823 290 2902 loco,
312 2844 405 2907 quem
428 2843 522 2907 snpra
544 2819 679 2901 laudavi,
702 2819 742 2884 de
758 2819 827 2885 ben.
843 2819 907 2900 VI,
922 2822 953 2899 4,
975 2821 1004 2899 1,
1028 2817 1081 2882 ubi
1104 2816 1215 2882 eodem
1238 2816 1345 2897 mod0‚

211 2950 274 3014 quo
301 2927 352 2991 hio
380 2949 419 2991 ex
447 2951 476 2992 v.
500 2933 548 2993 est
572 2928 605 2990 in
633 2927 723 3012 prim.
746 2924 824 2991 sent.
854 2923 969 2990 causali
996 2932 1101 2988 mente
1126 2924 1259 2989 verbum
1289 2923 1344 2989 ad-

212 3032 350 3099 dendum
387 3041 449 3114 est,
484 3032 664 3118 putabimus
696 3032 793 3098 verba
825 3031 985 3118 scriptoris
1022 3025 1082 3095 hoo
1118 3031 1188 3095 loco
1221 3030 1344 3116 integra

211 3141 327 3206 tradita
349 3163 429 3205 esse.
953 3225 957 3233 Ι

318 3247 351 3315 3.
396 3247 555 3311 Particula
577 3246 745 3333 quoniam,
771 3245 859 3309 ouius
883 3243 1068 3330 significatio
1091 3241 1224 3307 causalis
1248 3251 1343 3310 inter·

211 3353 287 3418 dum
314 3352 444 3418 effertur
471 3353 569 3438 magis
598 3351 706 3416 addita
729 3373 807 3416 voce
839 3351 971 3435 quidem
999 3349 1048 3433 (of.
1072 3348 1112 3413 de
1139 3370 1229 3435 prov.
1255 3352 1284 3430 1,
1308 3352 1342 3429 53

211 3484 267 3546 ep.¹
284 3462 335 3540 26,
353 3462 383 3539 1)
407 3458 591 3545 scriptorem
613 3466 668 3523 aut
691 3480 816 3522 oausam
838 3457 920 3520 inter
942 3477 1016 3535 eos,·
1030 3455 1070 3520 ad
1092 3478 1172 3542 quos
1195 3455 1342 3540 loquitur,

211 3575 318 3631 notam
340 3565 452 3630 afferre
475 3564 592 3630 autad
614 3587 729 3630 novam
751 3571 872 3651 partem
891 3561 1113 3648 disputationis
1136 3563 1270 3628 transire
1294 3561 1341 3646 (of.

211 3673 251 3738 de
274 3681 372 3737 oonst.
397 3695 420 3737 s.
447 3675 498 3752 10,
523 3675 552 3756 1)
576 3672 666 3757 quasi
688 3668 917 3758 praeterermdo
940 3690 1157 3734 commemoro.

317 3778 382 3844 Sed
405 3777 484 3842 duos
507 3777 603 3859 looos,
626 3800 705 3863 quos
721 3777 869 3842 Gertzins
889 3798 1013 3861 qnoque
1029 3775 1134 3860 attigit
1157 3772 1259 3858 (Stud.
1274 3772 1338 3838 orit

209 3909 239 3973 p.
265 3889 328 3952 124
351 3894 384 3951 et
400 3888 462 3950 125
486 3883 611 3968 adnot),
634 3883 740 3964 affero,
764 3881 803 3948 de
822 3906 851 3948 v.
866 3883 896 3947 b.
914 3885 976 3962 5,1
998 3887 1105 3967 potest
1128 3882 1239 3946 beatos
1265 3879 1336 3958 diod,

211 3994 270 4083 qod
291 4015 350 4058 noo
372 3992 465 4078 eupit
486 4012 544 4056 neo
568 3992 661 4056 timot
683 3991 837 4075 beneficio
855 3989 997 4054 radonis
1025 3989 1196 4074 (quoniam
1212 3993 1243 4052 θῖ
1259 4005 1337 4052 saroa
