2790 4538
751 184 793 248 40

208 397 287 440 enm
315 376 353 439 ie
381 377 448 457 ets,
482 397 561 460 quos
588 376 742 460 freperet,
771 375 936 457 dentibus,
964 375 1056 458 finit,
1094 395 1173 458 quae
1205 370 1343 437 eandem

208 482 358 566 temporis
373 481 525 546 rationem
547 480 673 561 habent,
696 480 772 546 satis
793 482 914 545 firmum
936 479 1172 544 fundamentum
1196 479 1251 558 sit,
1274 500 1341 562 quo

207 585 339 667 nitatur,
371 594 403 651 et
434 608 505 651 curn
528 586 670 652 similiter
697 586 941 673 plusquamperf.
963 585 1085 672 legatur
1116 586 1261 672 ep.110,
1287 588 1343 664 14,

209 693 389 777 stupebam,
417 693 477 757 ubi
498 694 687 778 aliquidem
709 694 777 758 iltis
800 694 866 757 etio
889 699 985 777 etque
1008 694 1072 757 etio
1097 694 1161 756 lem
1184 692 1339 776 summat.

315 802 342 882 e)
365 799 520 863 Futurum
551 799 659 884 posuit
686 799 820 885 scriptor
846 822 876 862 n.
899 821 950 883 qu.
973 797 1024 879 Π,
1049 801 1077 878 1,
1101 801 1135 878 5;
1168 819 1216 883 ep.
1240 799 1294 876 42,
1320 799 1341 860 9

208 905 266 969 boe
294 925 366 989 erpo
399 911 503 969 tecum
534 906 605 990 ipse
633 927 727 970 uerso
753 925 822 970 non
849 906 956 970 sotum
983 905 1042 968 ait
1068 906 1106 968 de
1138 905 1344 967 incremento

209 1016 331 1094 spetiei,
354 1012 410 1075 sed
432 1012 531 1076 etiem
554 1012 613 1075 nei
635 1013 672 1076 de
694 1012 839 1091 iectura,
862 1033 910 1097 sp.
935 1012 1009 1089 113,
1033 1014 1066 1090 53
1091 1012 1164 1088 116,
1187 1012 1216 1073 4.

252 1116 286 1184 2.
332 1115 576 1182 Coniunctivum
599 1124 673 1203 post
695 1123 774 1203 part
796 1117 856 1181 eibi
877 1139 942 1181 non
964 1116 1071 1181 inveni
1093 1116 1155 1180 nisi

313 1224 341 1304 a)
365 1244 414 1308 ep.
439 1225 548 1304 116,3
571 1224 631 1287 ubi
652 1223 799 1287 nimium
821 1223 1008 1304 indulseris,
1032 1223 1154 1287 citium
1178 1225 1343 1304 est;·120,

209 1328 251 1392 14
257 1352 265 1407 ;
290 1328 380 1393 breue
403 1330 593 1414 hospitium,
618 1330 705 1413 quod
725 1329 978 1414 relinquendum
1001 1335 1055 1411 est,
1079 1330 1139 1392 ubi
1162 1335 1190 1393 te
1205 1349 1345 1412 prooem

208 1456 273 1499 esse
296 1435 418 1519 hospiti
444 1435 567 1515 uidens,
596 1433 709 1519 quibus
736 1433 814 1498 locis
837 1433 975 1499 secunda
996 1457 1130 1521 persona
1151 1434 1345 1520 generaliter

208 1539 418 1625 intellegenda
434 1548 491 1620 est,

313 1644 345 1729 b)
369 1668 417 1732 ep.
442 1648 515 1726 120,
540 1648 579 1710 10
609 1645 767 1727 uidimus,
796 1646 855 1709 ubi
879 1648 1088 1712 tribuendum
1121 1653 1212 1728 esset,
1237 1650 1345 1733 plene

211 1773 318 1816 menei
340 1753 472 1817 dentem
498 1803 504 1816 .
526 1804 532 1816 .
553 1802 577 1833 .,
601 1758 709 1814 utres
732 1750 858 1837 saepius
881 1754 1015 1839 repetita
1037 1753 1235 1839 significetur.

281 1937 343 2004 IV.
382 1937 439 2004 De
461 1937 667 2023 particulis
694 1937 761 2016 ut,
785 1939 947 2017 simui,
971 1937 1270 2018 simulatque

641 2043 682 2109 et
705 2042 907 2110 similibus.

130 2213 136 2226 ·
193 2189 196 2194 ’
251 2183 281 2249 1.
335 2182 378 2246 Ut
398 2204 429 2266 p.
445 2179 564 2245 Seneca
578 2202 641 2244 non
665 2202 740 2245 usus
757 2188 806 2244 est
825 2180 888 2244 nisi
903 2202 1022 2244 conexa
1037 2202 1107 2245 curn
1122 2182 1199 2267 perf.
1215 2182 1326 2248 histor.
1331 2209 1341 2263 3

208 2287 246 2352 cf.
269 2285 309 2351 de
332 2287 403 2351 ben.
425 2285 490 2364 ΠΙ,
514 2289 565 2366 23,
590 2289 624 2365 23
652 2284 692 2349 ad
715 2285 761 2349 M.
785 2284 825 2350 de
849 2307 874 2349 c.
899 2287 928 2365 1,
953 2290 986 2365 3;
1010 2285 1050 2350 de
1072 2287 1119 2351 ira
1140 2286 1205 2368 ΠΙ,
1229 2292 1281 2369 15,
1306 2292 1340 2369 13

207 2392 271 2457 lud.
296 2396 325 2474 5,
349 2397 383 2472 33
408 2395 437 2472 7,
461 2397 495 2472 33
520 2393 571 2471 13,
595 2396 629 2471 3;
653 2413 700 2477 ep.
726 2394 777 2472 53,
801 2394 819 2455 5
849 2393 900 2475 (ut
916 2392 1096 2477 primum).

252 2501 284 2567 i.
330 2498 382 2563 Ab
406 2498 502 2562 alters
524 2505 614 2583 parte
637 2496 849 2561 coniunctioni
871 2498 975 2561 minut
995 2519 1149 2582 nusquam
1172 2499 1251 2585 perf.
1266 2501 1338 2566 hist

208 2604 385 2684 subnexuit,
408 2603 465 2668 sed
480 2612 534 2667 aut
548 2603 626 2689 perf.
642 2624 790 2690 praesens
805 2602 837 2667 in
854 2603 1019 2668 sententiis
1034 2604 1221 2688 generaliter
1236 2605 1337 2687 dictis,

208 2710 296 2776 velut
318 2709 357 2774 de
380 2711 467 2774 brev.
490 2732 520 2773 v.
545 2713 574 2789 3,
599 2712 633 2789 13
661 2707 702 2773 de
724 2708 812 2773 elem.
835 2708 862 2787 1,
887 2710 938 2789 14,
963 2712 979 2773 1
1009 2711 1113 2774 simet
1134 2712 1337 2796 deploratum

208 2823 262 2897 est,
286 2817 406 2881 ultime
429 2815 609 2901 ceperitne,
633 2838 662 2879 n.
681 2837 733 2900 qu.
756 2814 819 2895 VI,
844 2817 895 2895 19,
919 2818 953 2895 23
976 2837 1024 2901 ep.
1050 2819 1122 2897 121,
1146 2820 1181 2898 8,·
1206 2821 1257 2899 76,
1282 2823 1337 2899 313

207 2921 365 3002 deiraI,
390 2923 418 2999 1,
442 2920 563 3002 63111,
586 2923 638 3001 41,
663 2924 697 3002 23

313 3036 367 3092 aut
392 3027 450 3091 fut.
478 3035 636 3107 exactum,
663 3049 726 3091 uno
753 3027 837 3106 loco,
866 3025 906 3090 de
932 3027 1003 3092 ben.
1027 3028 1071 3109 V,
1096 3031 1145 3112 12,
1173 3033 1190 3095 1
1216 3037 1248 3096 et
1267 3033 1336 3096 iem

208 3137 317 3201 uerius
341 3135 435 3217 dices,
459 3135 563 3199 simei
586 3139 614 3199 te
637 3135 680 3198 eet
701 3135 761 3198 bus
785 3133 922 3197 latebras
940 3135 1132 3217 perduxero.

252 3242 285 3310 3.
333 3242 540 3325 Simulatque
562 3240 641 3304 coni.
657 3239 754 3304 semel
768 3239 891 3324 legitur,
915 3262 963 3325 ep.
981 3243 1031 3321 70,
1049 3244 1067 3305 5
1083 3263 1153 3306 cum
1168 3251 1334 3328 praesente
1369 3294 1373 3300 .

206 3346 342 3432 generali
358 3347 525 3410 coniuncta
547 3348 746 3432 simulatque
761 3352 939 3410 eoeneum
959 3348 1093 3413 molesto
1116 3354 1146 3412 et
1169 3351 1332 3434 tranquil-

207 3454 331 3518 litatem
356 3453 534 3533 turbentie,
559 3453 680 3517 emittit
700 3474 743 3517 se.

251 3560 285 3625 4.
329 3557 452 3638 Restat,
478 3565 514 3621 ut
536 3580 651 3644 paucas
673 3557 847 3622 locutiones
871 3580 1063 3639 enumerem,
1090 3560 1203 3644 quibus
1227 3559 1332 3624 eadem

66 3717 70 3720 ,
206 3671 382 3749 temporum
408 3663 489 3728 ratio
517 3663 600 3728 inter
622 3662 700 3728 duas
723 3664 862 3728 actiones
889 3663 1086 3730 intercedens
1113 3665 1270 3730 indicatur
1300 3687 1333 3731 ao

206 3768 386 3855 vulgaribus
409 3771 557 3852 mucules,
581 3791 657 3836 cuni
675 3771 829 3856 petinam
852 3778 884 3834 et
906 3777 978 3835 cet:

310 3876 423 3940 stetim
450 3897 526 3940 enm
553 3897 600 3962 ep.
626 3877 698 3954 114,
722 3878 740 3939 6
769 3897 838 3941 uon
864 3878 977 3941 stetim
1004 3899 1080 3942 eune
1107 3878 1184 3943 boec
1212 3880 1330 3964 tepetis,

205 3981 263 4048 boe
286 3981 347 4047 etet
368 3987 513 4047 occurret
536 4032 543 4048 .
564 4033 571 4046 .
592 4008 625 4062 .,·
650 3989 683 4046 et
704 4004 752 4071 ep.
777 3984 828 4064 87,
851 3985 893 4046 25
902 4007 911 4067 3
