2790 4538
743 163 785 226 28

197 355 365 440 accepisse,
389 355 495 418 alium
520 405 527 417 .
548 405 554 418 .
576 406 581 418 .
603 405 610 418 .
657 353 803 440 Denique
827 352 914 418 notio
934 360 1036 416 metus
1058 352 1136 416 latet
1158 351 1190 414 in
1214 374 1244 416 v.
1262 352 1328 415 sol-

199 462 317 543 licitus,
341 483 437 546 aquo
456 483 486 546 p.
502 465 542 524 ut
562 457 681 544 pendet
702 482 750 545 ep.
768 462 819 541 98,
836 462 854 523 6
880 459 939 542 qui
961 459 1120 522 sollicitus
1143 463 1197 530 est,
1221 463 1261 521 ut
1283 478 1331 538 eo,

198 568 319 652 qrco'bus
342 568 526 648 delectatur,
551 567 594 630 ccl
616 571 797 630 octrumum
820 587 924 650 usquc
942 570 1179 648 pertimescam,-
1203 585 1277 627 uam
1301 585 1333 627 v.

197 673 282 736 illam
304 671 365 737 hoo
386 671 456 736 loco
479 693 542 735 non
565 671 610 735 ita
623 671 763 757 intellegi
781 693 886 756 posse,
908 678 945 733 ut
960 692 1008 755 ep.
1027 672 1099 748 120,
1117 673 1145 749 7,
1168 669 1208 734 de
1224 668 1334 733 studio

198 787 230 843 et
257 801 344 858 cura,
376 785 508 865 apparet
539 799 579 840 ex
607 799 666 848 v.v.
693 799 773 862 quae
801 777 882 841 infra
909 785 1083 861 sequuntur
1117 776 1217 840 timor
1254 777 1327 860 (rei)

197 886 407 950 occultandae.
437 886 441 898 ‘

304 989 369 1056 Sed
392 1013 448 1055 cur
466 989 612 1077 Opitzius
636 989 685 1073 (cf.
700 1014 731 1076 p.
749 993 801 1073 24)
824 1012 882 1076 pro
905 995 945 1055 ut
966 987 1072 1075 potius
1095 1008 1136 1050 ue
1159 994 1335 1072 exspectet,

198 1096 284 1182 quod
299 1097 421 1183 legatur
437 1097 517 1161 Iust.
534 1100 563 1176 2,
581 1099 597 1160 7
621 1096 788 1161 Sollicitum
802 1097 907 1180 o'po'tur
924 1096 1032 1180 Solon,
1056 1121 1097 1163 ne
1116 1106 1176 1164 aut
1199 1102 1335 1165 tacendo

194 1225 320 1288 porum
342 1204 540 1288 respublicae
563 1204 743 1267 consuleret
766 1253 773 1266 .
794 1253 827 1266 ..
854 1210 886 1266 et
908 1201 1115 1286 Liv.35,31,
1134 1209 1162 1286 1,
1185 1227 1243 1290 ego
1267 1228 1335 1270 non

198 1308 365 1395 perspicio,
388 1331 459 1372 cum
481 1306 565 1394 apud
587 1306 744 1372 Iustinum
761 1330 797 1372 ac
812 1308 939 1373 Livium
962 1332 993 1394 p.
1008 1332 1050 1374 nc
1072 1333 1200 1396 prorsus
1217 1333 1257 1376 ex
1271 1334 1336 1376 usu

197 1413 319 1500 vulgari
335 1411 569 1500 interpretanda
585 1414 627 1479 sit
641 1416 726 1497 dosa,
750 1413 811 1478 hoo
825 1423 930 1479 autem
945 1414 1015 1480 loco
1031 1417 1118 1481 notio
1141 1418 1217 1482 dosa
1240 1419 1339 1482 nicht

198 1521 382 1606 requiratur.

289 1631 332 1711 c)
355 1627 436 1693 Post
458 1627 649 1692 adiectivum
672 1648 826 1690 conexum
848 1649 919 1690 cum
936 1628 1032 1692 verbo
1049 1629 1247 1694 substantivo
1267 1652 1337 1696 esso

198 1755 260 1796 non
284 1734 392 1819 posuit
414 1734 548 1818 scriptor
571 1755 632 1818 p.p.
648 1737 688 1796 ut
710 1739 805 1797 etue
828 1733 888 1800 nisi
910 1732 960 1797 his
982 1733 1074 1799 locis:
1098 1732 1200 1799 deira
1221 1735 1249 1815 I,
1266 1738 1335 1816 6,2

195 1841 389 1925 proximum
412 1844 467 1917 est,
495 1844 535 1902 ut
556 1846 589 1902 et
611 1836 651 1902 de
674 1845 795 1923 tranqu.
818 1861 845 1904 a.
871 1840 926 1920 12,
955 1845 971 1904 1
992 1841 1187 1924 prozimum
1216 1843 1257 1906 ab
1282 1844 1337 1908 trs

198 1947 268 2028 erit,
297 1967 338 2010 oe
366 1985 408 1993 —
437 1944 550 2030 quibus
575 1944 680 2009 verbis
708 1942 749 2008 ad
776 1967 891 2010 novam
919 1946 1107 2011 sententiam
1129 1948 1257 2028 transit;
1291 1987 1335 1997 -

198 2073 256 2116 nec
279 2059 353 2137 post
376 2050 608 2116 substantivum
636 2072 707 2114 cum
730 2051 828 2116 verbo
852 2073 917 2116 esse
940 2053 1047 2138 posuit
1073 2054 1134 2118 nisi
1165 2076 1212 2140 ep.
1238 2058 1290 2135 29,
1313 2059 1336 2119 4

194 2159 383 2243 periculum
406 2162 461 2239 est,
485 2178 526 2222 ne
549 2165 582 2221 et
604 2155 644 2221 de
662 2156 733 2221 ben.
749 2155 813 2236 VI,
836 2160 888 2237 42,
913 2160 930 2221 l
956 2160 1014 2223 hoc
1039 2211 1045 2223 .
1067 2211 1100 2224 ..
1126 2163 1172 2224 su
1192 2162 1257 2244 tuo,
1283 2168 1331 2226 ut.

197 2265 244 2328 At
266 2287 358 2350 quam
382 2263 538 2328 cumulate
562 2261 683 2326 Seneca
709 2262 898 2328 infinitivum
925 2272 962 2328 ut
989 2264 1164 2329 subiectum
1188 2267 1335 2332 substan-

197 2371 265 2435 tivo
290 2378 325 2434 ut
337 2368 524 2456 praedicato
539 2367 726 2447 adiunxerit,
749 2389 920 2453 cognoscas
936 2393 976 2434 ex
991 2372 1144 2456 exemplis
1160 2394 1179 2436 a
1195 2371 1335 2438 Gloeck-

197 2498 274 2541 nero
307 2476 500 2541 coacervatis
537 2475 569 2537 in
602 2481 722 2559 quaest.
771 2474 934 2541 Annaean.
961 2477 1013 2558 H,
1045 2476 1139 2542 Halis
1172 2477 1332 2543 Saxonum
1379 2538 1383 2542 r

198 2582 292 2648 editis
304 2582 450 2665 'ldissert
476 2582 581 2662 1877).

305 2686 336 2771 (1)
359 2687 450 2756 V.V.
465 2693 505 2751 ut
518 2708 560 2750 nc
582 2684 765 2750 coniunctas
787 2695 823 2751 ut
845 2687 878 2752 in
900 2689 1044 2755 finalibus
1060 2691 1105 2754 ita
1120 2691 1152 2753 in
1168 2690 1334 2755 sententiis

198 2793 269 2858 loco
303 2793 456 2858 substant.
484 2792 596 2880 positis
628 2813 692 2856 non
724 2792 882 2871 invenies„
899 2794 1089 2880 Exemplum
1121 2796 1217 2876 enirn,
1249 2794 1334 2880 quod

199 2899 342 2984 Draeger
365 2900 396 2962 in
419 2900 480 2963 fine
505 2902 603 2982 §411
628 2899 781 2963 incertum
804 2922 873 2965 esse
897 2900 983 2982 dicit,
1006 2901 1045 2965 de
1069 2902 1139 2966 ben.
1155 2900 1219 2980 ΠΙ,
1238 2904 1288 2979 10,
1305 2904 1334 2981 1,

199 3006 318 3092 optimo
334 3006 401 3070 iure
418 3005 565 3071 Gertuius
582 3028 621 3070 ex
638 3004 706 3070 cod.
722 3004 754 3069 N
770 3005 814 3069 ita
829 3006 964 3070 correxit
982 3028 1029 3070 on
1051 3006 1109 3071 hoc
1131 3007 1332 3089 inductorem,

198 3118 237 3176 ut
258 3134 328 3177 uon
351 3114 465 3176 demus
490 3112 647 3196 beneficio
669 3112 741 3175 sinc
765 3114 861 3176 toste?

303 3220 337 3286 4.
375 3217 445 3281 Iam
467 3240 530 3282 non
554 3218 689 3282 alienum
713 3239 782 3282 esse
798 3216 925 3283 videtur
947 3218 1007 3282 hoc
1027 3218 1097 3282 loco
1117 3216 1156 3282 de
1171 3241 1233 3304 p.p.
1250 3240 1331 3303 quo-

198 3327 314 3390 minus
337 3332 370 3388 et
392 3325 485 3408 quin,
509 3325 633 3409 quibua,
656 3346 728 3387 cum
750 3324 886 3410 propria
899 3324 1083 3408 significatio
1103 3322 1334 3409 quodammodo

199 3431 390 3516 neglegatur,
413 3430 587 3495 sententiae
611 3430 709 3495 subet.
723 3430 828 3494 locum
850 3437 993 3493 tenentes
1014 3429 1212 3509 inducuntur,
1234 3452 1335 3516 pauca

200 3559 373 3624 exponere,
395 3537 580 3623 praesertim
607 3535 707 3622 quod,
735 3544 770 3600 ut
790 3534 966 3600 videbimus
994 3535 1057 3599 hui.
1081 3557 1190 3600 comm.
1215 3539 1281 3620 §8‚
1305 3540 1334 3616 2,

198 3666 228 3728 p.
252 3643 335 3726 quin
358 3664 513 3727 nusquam
535 3651 585 3707 est
606 3650 748 3707 nostrum
771 3642 853 3706 olene
876 3643 960 3706 dosa.

305 3752 334 3830 a)
357 3749 395 3813 P.
418 3749 586 3834 quominus
609 3748 654 3812 ita
675 3756 844 3833 usurpatur

239 3860 276 3936 u)
300 3863 375 3941 post
397 3855 495 3919 verba
517 3852 704 3940 prohibendi
727 3852 779 3918 vel
801 3852 993 3939 impediendi
999 3879 1008 3934 ;
1040 3877 1058 3917 a
1080 3854 1193 3939 quibus
1217 3854 1336 3939 signifi-

200 3961 322 4031 catione
345 3982 409 4031 non
433 3959 541 4031 differt
564 3983 593 4031 v,
617 3957 755 4045 vetandi,
782 3958 867 4045 quod
890 3967 926 4024 ut
949 3959 988 4028 de
1011 3961 1081 4030 ben.
1104 3960 1149 4039 V,
1174 3962 1203 4044 6,
1228 3965 1246 4024 5
1253 3986 1262 4041 ;
1286 3983 1335 4049 ep.
