2790 4538
610 157 650 228 31

525 253 732 264 ———

168 354 198 436 b)
223 353 421 420 Indicativus
432 355 558 441 saepius
569 354 820 419 coniunctionem
831 373 907 418 calm
922 350 1071 439 sequitur,
1087 376 1195 439 quam-

59 483 153 546 quam
178 461 205 525 ei
230 460 323 525 simul
346 460 527 548 opponendi
549 460 603 525 vel
629 458 822 524 concedendi
845 459 895 524 vis
918 460 1010 540 inest,
1037 458 1122 545 quod
1145 482 1194 525 se-

58 567 169 652 quenti
184 590 215 631 v.
229 573 339 632 tornea
350 568 401 633 vel
417 566 616 632 antecedenti
631 567 730 632 eliam
742 574 880 652 apparet.
902 565 1058 652 Exempla
1068 574 1194 651 praesto

59 681 137 737 sunt
160 671 200 738 de
224 681 345 759 tranqu.
368 697 395 738 a.
420 678 449 754 2,
474 678 490 739 1
520 675 579 759 qui
604 724 611 738 .
632 724 638 737 .
659 724 694 737 ..
720 694 796 737 cam
818 672 976 757 reliquias
999 672 1193 755 essuperaril,

57 779 306 863 suspicionibus
331 786 441 844 tamea
455 781 702 864 inquietantem
726 777 766 843 de
781 777 851 844 ben.
868 778 913 859 V,
930 783 959 858 3,
977 783 995 843 3
1011 779 1091 842 solet
1104 777 1194 841 enim

57 885 151 967 fieri,
182 886 342 949 cleliam
367 907 443 950 eum
471 887 553 950 oller
577 937 584 950 .
606 938 612 950 .
633 937 639 950 .
659 934 665 949 .
689 886 859 969 confossas
887 891 946 965 eal,
975 888 1057 950 aller
1084 884 1194 948 leviter

59 993 193 1075 quidem
216 992 360 1074 soccim,
380 1013 480 1076 porea
503 993 605 1056 eaisae
627 992 791 1074 dieantur,
816 992 968 1077 quamvis
984 993 1065 1055 oller
1079 991 1190 1055 cilca-

59 1103 116 1161 lac·
137 1098 294 1181 inferior5
318 1121 347 1161 n.
370 1120 421 1182 qu.
443 1096 471 1177 Ι,
493 1120 539 1184 pr.
564 1096 707 1178 1131V,
729 1121 775 1184 pr.
799 1100 828 1162 4.

166 1202 218 1267 De
241 1202 300 1266 hac
321 1227 352 1289 p.
376 1204 475 1268 eliam
499 1225 575 1268 cum
597 1203 734 1288 Naegler
756 1225 880 1288 quoque
903 1202 1030 1288 scripsit
1053 1202 1150 1285 (Pars.
1165 1202 1193 1284 Ι,

58 1332 88 1395 p.
115 1311 181 1392 10),
209 1309 263 1394 qui
289 1317 364 1395 post
389 1309 459 1374 illas
483 1331 577 1374 voces
604 1308 671 1374 fere
699 1331 823 1396 semper
849 1308 952 1389 indic,
979 1309 1067 1374 cuius
1095 1309 1193 1374 multa

60 1415 205 1501 exempla
228 1416 386 1500 congessit
408 1415 538 1502 reperiri
561 1423 645 1480 recte
661 1414 803 1494 affirmat,
825 1437 927 1500 neque
942 1437 1020 1480 vero
1036 1415 1115 1480 coni.
1131 1415 1192 1479 nisi

59 1521 211 1608 temporis
235 1520 409 1607 imperfecti
431 1520 520 1587 velut
542 1519 583 1586 ad
605 1521 653 1585 M.
676 1519 717 1586 de
740 1543 765 1585 c.
791 1523 841 1601 14,
866 1525 900 1600 33
924 1519 965 1584 ad
983 1520 1079 1585 Helv.
1105 1524 1133 1600 5,
1156 1524 1177 1586 4
1183 1546 1192 1602 ;

60 1649 108 1713 ep.
135 1629 186 1707 77,
210 1631 229 1692 8
236 1652 245 1707 ;
271 1629 343 1707 114,
367 1630 385 1691 6
393 1652 401 1708 3
424 1650 503 1713 quae
527 1649 577 1692 res
600 1627 745 1713 congruit
766 1650 837 1692 cum
860 1626 908 1707 iis,
931 1649 1011 1712 quae
1034 1649 1129 1714 supra
1151 1627 1192 1694 de

59 1732 181 1819 imperi.
205 1755 264 1797 usu
287 1732 362 1798 dixi.

165 1839 334 1905 Praeterea
364 1841 416 1904 hic
448 1840 511 1906 duo
542 1841 604 1905 loci
635 1840 793 1905 mentione
831 1849 905 1905 sunt
936 1839 1037 1926 digni,
1068 1842 1191 1927 quibus,

59 1967 247 2031 quamquam
270 1946 310 2011 de
333 1947 461 2011 notione
484 1947 649 2034 temporali
676 1971 706 2033 p.
730 1969 807 2011 cum
830 1946 956 2011 omnino
985 1947 1114 2033 cogitari
1136 1971 1192 2013 ne-

59 2051 136 2136 quit,
159 2060 264 2116 tamen
288 2052 382 2117 indic.
405 2052 548 2133 traditur,
571 2061 604 2118 et
625 2053 799 2139 imperfecti
823 2051 959 2138 quidem,
987 2055 1075 2120 cuius
1098 2054 1191 2121 indic.

62 2157 136 2222 alibi
159 2166 233 2244 post
254 2182 284 2244 p.
308 2181 384 2224 cam
411 2182 475 2223 non
503 2160 646 2246 usurpari
673 2159 778 2246 paullo
806 2167 879 2223 ante
907 2158 1057 2241 diximus,
1088 2184 1118 2226 n.
1141 2185 1192 2247 qu.
1300 2198 1303 2204 .

59 2263 122 2344 IV,
140 2267 206 2344 5,4
229 2266 340 2350 itaque
356 2267 566 2350 compluvia
587 2267 707 2350 satura
730 2273 808 2349 erat,
830 2267 956 2350 proedo
978 2267 1034 2349 111,-
1058 2275 1092 2331 et
1105 2267 1191 2354 plus-

59 2370 230 2456 quamperf.
246 2393 294 2457 ep.
313 2374 385 2452 122,
403 2374 419 2435 7
442 2378 473 2436 el
487 2394 563 2437 cam
577 2373 675 2437 illam
690 2373 905 2439 contumeliae
919 2395 1016 2437 realta
1032 2375 1191 2458 eripuisse
1232 2355 1234 2360 Ι

59 2478 220 2561 debueret,
245 2500 286 2543 rie
309 2485 398 2543 aetas
420 2480 552 2563 quidem
572 2480 701 2565 eripicl,·
724 2478 757 2542 hi
777 2476 941 2543 indicativi
960 2479 1092 2564 coniug,
1110 2503 1190 2566 quae

59 2581 183 2664 dicitur,
205 2584 449 2670 periphrasticae
473 2593 506 2649 et
521 2585 610 2650 verbi
633 2583 770 2649 debendi
793 2582 971 2670 explicandi
987 2593 1061 2648 sunt
1076 2608 1116 2651 ex
1131 2609 1192 2652 usu

57 2689 111 2754 illo
127 2699 213 2771 noto,
232 2713 294 2776 quo
314 2691 427 2755 horum
438 2691 606 2756 verborum
620 2689 714 2755 indio.
725 2692 801 2777 poni
818 2690 907 2770 solet,
927 2712 998 2754 cum
1014 2691 1191 2757 condicioni

58 2797 162 2862 irreali
185 2797 302 2862 diserte
326 2818 493 2883 expressae
512 2796 564 2862 vel
586 2804 691 2861 mente
714 2796 878 2862 addendae
901 2788 1042 2862 subiecta
1065 2807 1146 2863 sunt.

164 2907 192 2987 o)
216 2901 316 2967 Indic.
332 2903 512 2989 adiungitur
533 2927 563 2989 p.
584 2926 661 2968 cum
683 2904 715 2967 in
739 2903 913 2984 sententiis,
936 2902 1049 2989 quibus
1072 2900 1191 2970 indice-

56 3019 108 3074 tur
130 3010 193 3090 vel,
224 3031 286 3094 quo
309 3017 471 3095 appareat,
505 3009 565 3089 vel,
597 3031 659 3094 quo
683 3009 844 3090 efficiatur,
876 3009 961 3096 quod
993 3019 1072 3076 sent.
1101 3012 1191 3098 prim.

57 3117 177 3182 dictum
200 3124 258 3196 est,
280 3125 316 3180 ut
339 3115 378 3180 de
402 3140 432 3182 v.
454 3116 485 3181 b.
510 3120 539 3197 9,
561 3119 583 3180 4
606 3137 705 3199 erras,
730 3139 806 3182 eum
828 3118 1019 3202 interropoa,
1044 3118 1126 3202 qaid
1146 3119 1192 3182 sit

55 3225 154 3305 illud,
179 3222 219 3286 de
235 3221 323 3287 clem.
346 3222 373 3303 I,
397 3224 427 3303 4,
452 3226 486 3302 13
510 3222 550 3288 de
565 3223 636 3288 ben.
651 3222 715 3304 IV,
740 3227 790 3304 12,
815 3225 848 3303 1;
871 3247 901 3287 n.
917 3246 968 3308 qu.
984 3222 1066 3304 VH,
1091 3226 1141 3304 30,
1161 3228 1190 3288 2.

165 3328 313 3394 Ceterum
345 3328 405 3392 hoc
437 3351 496 3393 usu
523 3337 601 3416 puto
629 3329 721 3394 nobis
749 3328 921 3394 remedium
948 3329 1092 3416 praeberi
1119 3352 1190 3395 ver-

57 3435 178 3516 borum,
201 3458 280 3520 quae
304 3444 379 3499 sunt
401 3433 440 3500 de
457 3459 487 3500 v.
502 3437 532 3500 b.
555 3438 606 3517 19,
630 3441 659 3516 3,
682 3433 900 3501 sanandorum.
947 3436 1045 3501 Cuius
1069 3459 1190 3523 paragr.

57 3540 232 3606 sententiae
255 3542 413 3626 quomodo
442 3542 506 3607 sint
533 3542 744 3627 seiungendae
773 3550 805 3607 et
832 3542 914 3606 inter
941 3565 975 3607 se
998 3542 1190 3624 referendae,

56 3648 117 3711 viri
140 3645 226 3711 docti
249 3646 412 3713 dissident.
443 3649 526 3712 Nam
541 3647 685 3712 Koohius
702 3657 735 3713 et
748 3648 887 3713 Haasius
910 3656 985 3734 post
1003 3672 1033 3714 v.
1049 3651 1187 3717 evaden-

58 3755 105 3820 lio
128 3753 252 3839 signum
274 3754 536 3840 interrogationis,
558 3763 633 3841 post
656 3779 684 3820 v.
707 3756 813 3840 adigit
833 3763 985 3841 punctum
1008 3763 1189 3842 posuerunt.

56 3860 122 3939 Qui
154 3860 313 3946 quomodo
351 3862 522 3926 sententias
560 3861 604 3926 ita
642 3858 760 3927 divisas
797 3861 946 3947 explicari
978 3861 1090 3942 velint,
1127 3885 1190 3931 non

56 3967 214 4056 intellego.
