2790 4538
676 218 715 285 51

127 411 285 481 sententia
308 412 425 498 optime
453 412 637 499 exprimitur
658 437 720 480 v.v.
740 414 810 480 uisi
833 415 919 498 quad
944 423 1018 501 post
1039 413 1258 501 interrogatio·

127 541 184 585 nes
207 519 331 606 positis.

236 625 290 690 Ob
312 625 400 689 illum
422 647 549 711 parcum
576 622 672 712 igitur
693 650 723 713 p.
746 627 785 690 Μ
811 648 903 691 usum
932 625 1155 707 dubitaverim,
1183 649 1258 690 num

130 730 168 796 de
192 731 280 797 brev.
296 752 325 794 v.
350 733 401 812 17,
426 734 443 795 0
467 754 524 817 pro
548 754 657 797 manca
679 730 747 796 eod.
765 732 798 796 A
820 732 974 818 scriptura
995 754 1037 797 ue
1059 731 1258 796 scribendum
1294 779 1296 784 -

81 910 83 917 ¹
130 837 171 901 sit
194 839 233 902 Μ
254 859 312 923 pro
335 838 413 902 uisi.

81 924 83 935 Ι
236 943 269 1011 3.
314 944 392 1007 ΝΜ
413 944 445 1007 si
470 944 540 1008 loco
571 943 720 1030 simplicis
747 945 818 1008 uisi
845 944 962 1031 septies
990 942 1117 1008 admisit
1140 941 1259 1008 Seneca

131 1058 162 1114 et
184 1071 310 1136 semper
332 1048 459 1134 quidem
483 1050 550 1115 sine
573 1049 819 1116 dissimulantiae
843 1050 1082 1135 significatione3
1105 1048 1145 1114 de
1164 1057 1206 1114 ot.
1231 1053 1259 1130 3,

133 1159 151 1220 2
174 1177 245 1220 uou
267 1157 391 1220 accedat
412 1157 455 1220 ad
468 1178 538 1220 reia
556 1157 726 1242 publicam
747 1158 889 1243 sapione,
912 1157 982 1222 uici
1003 1157 1034 1219 si
1052 1156 1133 1241 quid
1153 1156 1257 1221 iuter-

132 1263 273 1341 ueuerit,·
297 1269 346 1325 ter
360 1270 433 1326 ante
456 1263 537 1347 quid
551 1284 723 1348 pronomen
738 1261 778 1327 de
793 1271 914 1348 tranqu.
930 1285 957 1327 a.
975 1266 1025 1343 13,
1042 1266 1076 1342 2,
1098 1271 1260 1348 praeterea

133 1366 170 1432 de
192 1368 264 1433 ben
287 1367 350 1449 IV,
379 1371 430 1450 35,
455 1370 488 1448 1,
516 1376 588 1434 ante
615 1368 707 1433 aliam
730 1390 839 1434 vocem
867 1367 907 1433 de
929 1368 1000 1434 ben.
1030 1368 1075 1450 H,
1105 1371 1155 1449 15,
1180 1372 1196 1433 1
1227 1375 1260 1433 et

133 1496 178 1561 ep.
204 1477 255 1555 74,
281 1477 330 1539 34.

236 1582 271 1648 4.
315 1580 405 1645 Alias
432 1603 557 1667 quoqne
584 1581 818 1647 coniunctiones
841 1581 913 1649 voci
940 1581 1010 1646 uisi
1036 1579 1193 1661 adiunxit;
1221 1580 1259 1645 cf.
1292 1666 1295 1671 ,

133 1694 256 1773 praeter
276 1687 347 1752 uisi
368 1688 455 1771 quod
483 1685 533 1769 (de
555 1687 626 1751 ben.
648 1687 675 1768 I,
700 1690 750 1768 10,
773 1691 805 1771 4)
832 1688 902 1752 uisi
928 1686 1003 1752 dum
1026 1691 1085 1772 (ep.
1103 1688 1210 1767 91,16
1228 1693 1260 1750 et
1304 1727 1305 1730 =

103 1811 105 1816 ’
133 1816 161 1858 n.
182 1815 234 1879 qu.
257 1791 304 1873 H,
328 1795 379 1873 54,
404 1797 448 1877 3);
471 1793 541 1857 uici
562 1799 601 1857 ul
622 1794 862 1859 commemoravi
885 1797 913 1878 (ξ
938 1797 968 1874 8,
992 1797 1030 1876 3).

238 1899 271 1967 5.
315 1898 366 1963 De
390 1922 451 1965 v.v.
474 1900 633 1963 uon-uisi
654 1900 828 1966 coniunciia
851 1900 928 1964 nihil
950 1900 1011 1964 nisi
1033 1921 1150 1986 paucos
1172 1899 1258 1964 locos

133 2004 237 2086 offero,
260 2005 316 2070 ubi
338 2013 445 2070 eontra
468 2027 559 2070 naum
573 2006 742 2092 vilgarem,
765 2028 827 2091 quo
850 2006 919 2071 aliis
938 2005 1068 2071 vocibus
1091 2006 1275 2092 seiungun-'

133 2110 299 2192 tur,nu110
323 2110 420 2176 verbo
444 2120 604 2198 separatae
631 2112 787 2199 legantur:
820 2111 860 2177 de
883 2112 930 2176 ira
950 2111 1015 2193 ΠΙ,
1039 2115 1090 2193 39,
1113 2115 1134 2176 4
1157 2133 1257 2198 puae·

133 2218 208 2282 dam
230 2238 300 2281 unu
322 2218 392 2281 uisi
418 2219 548 2304 decepta
574 2225 757 2298 sauaulur,·
787 2217 827 2283 de
853 2240 941 2304 prov.
966 2222 996 2299 5,
1021 2221 1054 2300 1,
1077 2241 1125 2305 ep.
1149 2223 1201 2301 22,
1225 2222 1259 2303 1,

90 2334 93 2339 “
134 2326 205 2405 117,
231 2326 265 2403 9,
288 2346 318 2388 11.
341 2346 392 2409 qu.
415 2322 442 2404 Ι,
465 2328 523 2405 10,
546 2325 586 2390 de
610 2324 697 2390 elem.
720 2325 747 2406 I,
772 2328 822 2405 11,
845 2329 874 2390 4.

239 2431 272 2498 6.
317 2430 493 2494 Particulae
525 2433 556 2496 si
587 2454 656 2497 unu
688 2441 720 2497 ei
750 2433 782 2497 si
812 2419 940 2514 miuus,
973 2430 1086 2516 quibus
1118 2429 1260 2495 condicio

81 2606 83 2612 ,
133 2536 274 2622 proxima
296 2537 382 2600 aiens
405 2536 549 2622 negando
572 2539 733 2624 repetitur,
755 2539 800 2603 ita
814 2560 873 2602 usu
889 2537 1132 2624 distinguuntur,
1154 2545 1190 2601 ut
1207 2537 1261 2601 illa

81 2636 83 2699 i
134 2665 194 2708 non
216 2643 339 2728 legatur
360 2643 422 2708 nisi
445 2665 516 2707 cum
538 2666 596 2709 suo
612 2644 710 2710 verbo
732 2644 821 2708 finito
840 2644 1005 2708 coniuncta
1026 2651 1150 2729 praeter
1164 2665 1261 2707 unum

136 2749 238 2814 locum
260 2772 309 2836 ep.
332 2753 385 2829 42,
409 2752 428 2814 9
451 2751 482 2813 si
504 2750 564 2814 diu
585 2752 670 2815 illud
691 2750 845 2830 habuisti,
864 2751 986 2833 perdia,
1005 2755 1183 2835 postquam
1204 2772 1260 2815 sa·

136 2857 237 2921 lictus
265 2877 312 2937 aa,
344 2858 374 2919 si
396 2877 465 2920 uou
487 2858 560 2939 diu,
580 2857 707 2942 perdis,
731 2862 909 2941 autequam
936 2856 1121 2939 adsuascaa
1153 2855 1208 2920 ubi
1235 2857 1262 2920 si

135 2961 253 3029 Seneca
276 2961 447 3027 secundum
470 2986 558 3027 suam
573 2962 831 3029 consuetudinem
853 2963 884 3025 si
901 2962 1016 3026 minuc
1038 2962 1099 3025 diu
1120 2962 1263 3048 scripsis-

135 3078 189 3152 set,
212 3070 281 3135 sine
309 3068 405 3134 dubio
429 3092 537 3135 omnes
560 3071 674 3133 miuus
696 3069 879 3155 particulam
902 3089 965 3132 non
989 3091 1059 3132 eum
1081 3070 1113 3133 si
1134 3069 1263 3133 coniun-

81 3218 83 3247 .
136 3176 236 3241 ctione
264 3174 322 3241 sed
356 3198 427 3240 oum
458 3176 518 3240 dia
550 3174 701 3240 adverbio
732 3174 866 3261 legendo
898 3175 1149 3255 euniunxissen13
1179 3175 1263 3238 hunc

136 3290 240 3347 autem
261 3303 398 3346 errorem
421 3304 491 3346 eum
514 3304 624 3348 cavere
640 3283 737 3348 vellet
760 3281 888 3361 Seneca,
911 3288 1037 3346 coactus
1061 3289 1127 3345 erat
1149 3282 1181 3345 ci
1194 3302 1263 3346 uon

137 3388 279 3454 scribere.
320 3389 358 3453 Si
377 3389 492 3453 miuus
511 3411 576 3453 non
594 3390 722 3476 ponitur
741 3390 802 3454 nisi
818 3388 902 3453 omni
917 3386 1130 3452 additamento
1146 3411 1263 3470 carena,

137 3515 204 3579 cum
226 3494 360 3560 verbum
387 3495 509 3558 finitum
534 3517 573 3559 ex
599 3495 741 3581 proxima
769 3496 924 3560 sententia
946 3492 1153 3559 condicionali
1175 3494 1264 3559 audi-

139 3599 250 3664 endum
273 3600 323 3680 sit,
346 3601 435 3665 velut
457 3599 497 3665 de
520 3624 550 3665 v.
569 3602 598 3666 b.
623 3604 675 3682 27,
699 3605 716 3666 1
741 3602 773 3665 si
790 3602 926 3687 potastis
951 3601 1047 3665 balias
1072 3602 1209 3683 laudate,
1233 3601 1264 3664 si

139 3707 263 3790 minias,
293 3708 447 3786 transila·
477 3706 517 3771 de
545 3708 610 3772 otio
635 3712 664 3788 3,
688 3711 722 3788 5,
750 3705 792 3772 ad
814 3707 860 3771 M.
883 3705 923 3770 de
946 3728 972 3770 e.
997 3709 1026 3787 1,
1050 3709 1084 3787 5,
1113 3705 1153 3771 de
1176 3708 1263 3771 clem.

139 3808 164 3891 I,
180 3816 231 3894 20,
247 3817 276 3878 2.
314 3813 426 3878 Altera
448 3821 553 3878 autem
576 3812 733 3879 sententia
755 3813 979 3877 condicionalis
1002 3820 1094 3876 antea
1108 3835 1172 3876 non
1187 3811 1265 3897 legi-

141 3923 200 4000 tur,
231 3942 293 4006 quo
326 3920 478 3985 referatur
504 3921 535 3984 si
557 3921 686 4002 minuo,
715 3941 763 4006 ep.
787 3910 865 3999 120,
889 3922 930 3983 22
965 3919 1071 4003 effice,
1095 3924 1134 3983 ut
1156 3919 1265 4005 possis

144 4022 277 4111 laudari,
301 4027 333 4091 si
354 4028 478 4110 minuc,
503 4033 543 4092 ul
563 4027 717 4111 adpuosci
739 4035 772 4091 et
794 4049 842 4113 ep.
867 4028 918 4107 13,
942 4028 999 4111 12.

1127 4148 1165 4207 4*
