2790 4538
685 165 705 226 8

129 355 240 436 adicio,
262 355 317 420 ubi
339 355 417 440 legis
441 361 472 420 et
492 376 551 418 acc
572 377 630 440 pro
654 360 685 419 et
705 355 908 440 rae-quidem,
932 353 972 419 de
988 379 1018 420 v.
1034 355 1063 419 b.
1081 358 1169 435 17,3
1193 377 1267 420 aaa

128 484 204 528 777777
226 463 359 546 capiate
382 468 420 541 et,
444 468 484 527 ut
504 461 763 526 malivolentiam
787 466 880 525 tuam
898 482 1045 546 pascam,
1069 483 1127 526 aec
1149 482 1216 526 ero.

234 567 419 633 Locutionis
441 567 653 652 aee-quidem
675 574 789 645 autem,
812 587 892 651 quae
910 589 968 652 pro
991 568 1187 652 rte-qm'dem
1210 567 1267 632 vel

130 680 161 738 et
186 674 389 758 rte-quidem
420 673 545 759 saepius
572 670 720 752 traditur,
754 672 910 757 exempla,
942 696 1073 758 quorum
1101 674 1268 761 complura

129 778 382 865 Rauschningius
398 787 431 844 et
446 778 592 864 Opitzius
615 778 635 842 1.
649 778 669 842 l.
693 777 874 858 attulerunt,
897 779 1001 843 omnia
1016 778 1164 844 Gertzius
1188 801 1267 844 oon-

129 885 229 971 gessit
254 886 286 948 in
315 884 429 950 studiis
457 885 572 949 criticis
599 884 632 947 in
659 883 697 947 L.
718 883 758 946 A.
779 881 810 948 S.
834 881 976 969 dialogos
1003 885 1149 950 Hauniae
1177 888 1267 950 1874

131 990 224 1057 editis
249 1000 288 1077 (p.
310 993 351 1055 79
371 998 403 1055 et
422 994 475 1074 80)
499 998 531 1054 et
554 1011 701 1075 eaquae
724 987 834 1054 Madv.
850 988 890 1053 ad
914 989 979 1055 Cic.
1003 990 1043 1055 de
1066 992 1116 1055 fin.
1139 991 1173 1055 in
1197 1014 1276 1056 exo..

130 1096 186 1160 HI
209 1097 365 1183 exposuit,
388 1103 514 1196 secutus
534 1096 595 1160 alia
610 1095 799 1181 optimorum
815 1094 957 1159 codicum
973 1097 1157 1161 auctoritate
1177 1097 1268 1162 labe-

130 1203 197 1267 fieri
214 1202 452 1283 demonstravit,
474 1201 535 1266 alia
556 1202 620 1266 leni
643 1201 822 1265 coniectura
844 1201 987 1282 mutavit,
1009 1224 1081 1266 oum
1103 1225 1160 1288 pro
1184 1224 1264 1268 aec·

131 1311 262 1393 quidem
286 1309 450 1375 substituit
471 1309 675 1394 rae-quidem
697 1308 792 1372 etiam
814 1308 867 1388 ibi,
889 1308 945 1373 ubi
967 1309 1179 1392 nee-quidem
1205 1331 1266 1394 pro

131 1422 162 1480 et
178 1417 373 1501 rte-quidem
396 1415 546 1501 scriptum
563 1413 702 1494 videtur,
725 1412 811 1500 quod
834 1435 872 1478 eo
894 1413 1042 1479 libentius
1057 1414 1167 1500 probo,
1190 1416 1267 1500 quia

43 1513 48 1569 ’-
131 1521 200 1586 vidi
222 1544 314 1586 usum
337 1521 425 1585 illum
448 1545 477 1586 v.
493 1543 524 1585 v.
546 1521 750 1606 rae-quidem
772 1541 973 1605 praegressae
997 1519 1089 1583 alicui
1113 1521 1186 1584 voci
1208 1544 1267 1585 ne-

130 1627 217 1713 ganti
245 1627 313 1692 sine
341 1627 405 1691 ulio
429 1627 555 1692 vinculo
583 1625 797 1691 addendarum
824 1626 975 1691 latissime
1003 1626 1087 1713 apud
1111 1624 1267 1692 Senecam

130 1741 248 1819 patere,
271 1732 312 1797 de
335 1756 397 1818 quo
421 1734 459 1798 cf.
483 1733 523 1797 de
546 1733 616 1798 ben.
639 1732 685 1812 H,
710 1735 761 1812 13,
778 1736 812 1812 33
837 1735 888 1813 27,
903 1736 939 1812 43
963 1754 1011 1818 ep.
1033 1735 1083 1811 15,
1100 1735 1134 1812 5;
1160 1735 1211 1812 17,
1230 1737 1266 1814 6;

133 1843 184 1919 72,
208 1841 242 1920 6.,
267 1842 392 1920 72,10;
417 1843 467 1919 74,
485 1842 535 1903 17.
579 1838 666 1903 Huic
688 1838 784 1922 igitur
807 1836 928 1904 Gertzii
952 1838 1093 1924 opinioni
1116 1860 1267 1904 assensus

132 1967 286 2031 nusquam
304 1946 516 2031 nec-quidem
532 1944 720 2010 servandum
736 1966 806 2009 esse
821 1952 899 2031 puto
915 1945 976 2008 nisi
991 1968 1020 2008 n.
1037 1968 1088 2030 qu.
1104 1944 1148 2024 V,
1166 1948 1217 2025 15,
1238 1949 1267 2026 1,

130 2052 194 2132 ubi,
217 2059 253 2115 ut
276 2051 334 2115 sub
356 2059 379 2138 β
401 2051 476 2131 dixi,
501 2051 668 2136 explicatio
692 2050 741 2115 his
765 2050 870 2115 verbis
894 2050 1050 2114 afferatur.

197 2161 231 2241 a)
254 2157 305 2220 De
333 2178 392 2221 ace
418 2156 583 2242 particula,
606 2179 668 2242 qua
690 2178 785 2222 voces
809 2164 958 2241 negantes
982 2156 1195 2241 excipiuntur,
1219 2157 1267 2221 ita

131 2263 253 2343 tacebo,
276 2270 312 2326 ut
327 2261 407 2327 duos
422 2263 508 2327 locos
525 2262 661 2342 afferam,
684 2262 798 2347 quibus
814 2262 912 2328 verbo
928 2260 1064 2348 negandi
1087 2269 1120 2326 et
1134 2261 1266 2327 nolendi

132 2368 258 2434 subdita
285 2377 347 2449 est,
375 2367 415 2433 de
443 2393 474 2434 v.
496 2368 526 2433 b.
552 2371 602 2448 19,
627 2372 646 2433 3
675 2376 707 2432 et
734 2366 773 2432 de
801 2367 871 2432 ben.
894 2367 945 2449 Π,
974 2372 1025 2442 23,
1049 2371 1068 2431 2
1101 2389 1137 2431 ao
1163 2391 1268 2453 pauca

131 2475 275 2561 exempla
296 2475 427 2539 voculae
455 2496 513 2539 aec
536 2473 697 2559 sequentis
720 2497 750 2538 v.
766 2497 795 2538 v.
818 2475 1027 2559 rae-quidem,
1056 2495 1149 2559 quem
1171 2496 1267 2538 usum

130 2581 273 2667 Draeger
298 2581 330 2644 in
358 2581 452 2659 libro,
479 2581 533 2666 qui
555 2580 737 2644 inscribitur
764 2580 852 2644 Htst.
878 2580 1008 2663 Spatana
1030 2581 1086 2642 der
1110 2581 1164 2642 lat.
1185 2580 1264 2663 Spr.

67 2753 70 2759 ,
134 2692 166 2752 2.
179 2688 269 2772 Aust.
290 2691 322 2752 2.
336 2687 375 2754 Β.
391 2688 506 2773 Leipa.
525 2689 611 2752 1881
630 2687 738 2772 paucis
756 2685 834 2750 locis
855 2707 895 2749 ex
915 2684 982 2748 solo
999 2684 1093 2748 Livio
1108 2683 1267 2769 probavit

131 2792 219 2863 Vide
247 2815 296 2880 ep.
320 2797 372 2874 88,
396 2797 415 2857 2
443 2815 484 2858 ae
507 2793 713 2879 promittant
739 2792 871 2877 quidem
898 2791 975 2855 bueo
1001 2812 1060 2855 aec
1087 2792 1188 2854 buius
1215 2795 1268 2856 rei

131 2901 304 2965 seientiam
328 2900 510 2983 adfectant·
535 2897 575 2962 de
598 2921 629 2962 v.
652 2898 682 2963 b.
707 2900 758 2978 15,
780 2902 811 2962 4.

198 3007 229 3091 ζ)
253 3004 430 3070 Particulae
445 3027 504 3070 acc
526 3004 558 3067 in
574 3002 697 3069 duobus
714 3003 889 3068 sententiae
904 3003 1063 3083 membris
1086 3024 1165 3087 quae
1181 3002 1267 3068 inter

132 3136 165 3178 se
181 3111 390 3198 respondent,
406 3112 537 3197 positae,
556 3109 713 3175 sufficiant
727 3111 819 3195 pauci
834 3110 904 3190 loci,
920 3109 1033 3195 quibus
1049 3108 1120 3174 voci
1136 3113 1267 3193 neganti

132 3219 249 3306 duplex
271 3240 330 3283 uec
353 3218 528 3282 subiectum
551 3223 612 3296 est,
640 3223 677 3279 ut
701 3214 740 3280 de
764 3224 862 3280 const
888 3238 913 3280 s.
938 3219 967 3296 9,
990 3219 1009 3279 2
1039 3216 1159 3299 (nescit
1184 3237 1263 3278 neo-

131 3327 223 3411 7777),
253 3325 293 3389 de
320 3324 390 3389 ben.
413 3323 440 3404 I,
465 3326 537 3404 6,2
566 3324 764 3408 (7777777777),
795 3344 843 3407 ep.
874 3324 924 3402 79,
949 3325 982 3400 25
1016 3360 1057 3368 -
1091 3344 1138 3406 ep.
1169 3323 1219 3399 17,
1245 3325 1265 3385 6

137 3432 307 3517 (7777777773),
332 3453 380 3516 ep.
406 3433 456 3510 98,
481 3435 498 3494 7
529 3431 655 3515 (7777777),Ι
680 3430 721 3495 ad
743 3430 811 3494 Pol.
836 3433 866 3508 2,
891 3431 918 3492 1.

239 3539 275 3627 b)
321 3538 406 3601 Part.
421 3559 500 3602 77777
516 3535 636 3601 Seneca
658 3537 692 3600 in
715 3536 860 3601 omnibus
884 3534 1009 3620 scriptis
1032 3533 1110 3597 miro
1127 3531 1266 3617 quodam

130 3644 225 3708 modo
241 3644 364 3724 vitavit,
383 3643 442 3708 nisi
459 3665 521 3707 uno
536 3643 615 3723 loco,
631 3665 679 3729 ep.
698 3646 726 3722 7,
742 3645 761 3707 8
778 3664 857 3707 aeae
872 3640 994 3705 similis
1008 3640 1106 3704 77777773
1122 3640 1205 3722 sios,
1222 3692 1228 3704 .
1244 3693 1264 3723 .,

131 3771 210 3814 nece
232 3750 393 3814 7777777773
408 3750 532 3830 multra,
557 3748 668 3813 ceteris
684 3756 788 3812 autem
811 3748 888 3813 locis
911 3770 978 3812 rem
1000 3747 1044 3811 ita
1066 3747 1212 3825 instituit,
1228 3758 1266 3811 ut

131 3857 163 3920 iu
187 3856 351 3921 sententiis
375 3855 603 3920 adhortationis
631 3863 725 3940 atque
753 3855 924 3940 optationis
952 3877 1010 3919 noc
1037 3854 1165 3932 scribat,
1195 3854 1265 3918 sive

131 3985 195 4029 vox
217 3983 336 4049 negans
358 3984 422 4026 non
445 3959 612 4042 antecedit,
636 3968 672 4024 ut
694 3959 734 4025 de
757 3969 879 4048 tranqu
898 3983 925 4026 a
950 3964 1001 4042 10,
1025 3963 1043 4025 6
1051 3985 1059 4041 3
1090 3963 1139 4040 14,
1165 3961 1198 4039 1,
1222 3960 1264 4023 ad
