2790 4538
705 165 794 237 '30

150 399 155 410 ·
207 359 284 428 boat
306 364 392 448 fecit,
419 363 505 448 qaia
526 385 586 428 aas
608 385 678 428 aaa
701 365 828 449 obtipet,
852 365 1067 449 manifestim
1090 372 1149 446 est,
1175 388 1277 451 qaam
1300 373 1343 431 at

204 470 243 533 in
266 471 324 534 boc
345 470 442 533 cerba
463 470 683 554 impendenda
704 454 782 553 siat,
806 472 861 536 ubi
883 471 968 536 haud
990 472 1085 537 dubie
1101 473 1243 559 scriptor,
1266 497 1342 538 cum

204 574 282 639 illud
310 576 394 661 quin,
421 575 579 655 scriberet,
602 574 642 640 de
665 600 695 641 v.
720 574 885 642 dubitandi
908 578 1067 664 cogitavit,
1094 601 1165 642 cum
1188 601 1234 659 ea,
1256 602 1341 664 quae

204 690 386 768 sequuntur,
407 681 474 747 fere
495 682 576 747 hanc
594 684 781 749 sententiam
796 684 932 749 habeant
955 686 1090 749 omnino
1106 686 1254 750 dubitari
1268 707 1342 750 non

199 794 315 874 potest.

311 893 459 960 Ceterum
490 903 564 981 post
594 898 692 961 verba
721 895 914 983 impediendi
946 906 979 960 et
1011 896 1124 961 similia
1155 919 1227 960 cum
1257 919 1341 962 voce

203 1001 332 1086 neganti
355 1001 533 1082 coniuncta,
560 1002 681 1066 utiam
703 999 855 1083 vidimus,
883 1002 1017 1089 scriptor
1038 1003 1176 1089 praefert
1198 1027 1228 1090 p.
1252 1025 1338 1088 qao-

203 1108 327 1189 ma'nns,
351 1115 426 1193 post
447 1130 508 1172 v.v.
531 1129 599 1172 noa
618 1114 727 1194 potest
747 1109 823 1192 [teri
844 1131 968 1195 semper
991 1109 1100 1174 scribit
1126 1115 1166 1174 at
1187 1131 1255 1174 noa
1278 1132 1340 1195 pro

203 1215 296 1299 qaia,
320 1222 357 1278 ut
379 1237 427 1299 ep.
452 1217 503 1294 29,
527 1217 545 1277 2
569 1236 638 1278 noa
656 1221 765 1298 potest
784 1216 874 1298 ficri,
903 1221 943 1279 nt
963 1236 1032 1279 reon
1055 1217 1234 1301 aliquando
1257 1238 1337 1280 snc-

202 1322 294 1385 cedar
313 1322 421 1384 malta
445 1321 635 1405 temptanti·
665 1318 705 1384 de
728 1320 775 1385 ira
796 1320 824 1401 I,
849 1323 904 1400 143
927 1344 956 1384 n.
980 1343 1030 1406 qu.
1054 1321 1117 1401 VI,
1143 1323 1194 1402 16,
1218 1326 1246 1387 3.

200 1612 222 1709 ξ
259 1611 296 1688 7.
358 1604 425 1687 De
450 1604 668 1712 particulis
700 1605 1003 1687 sententiarum
1026 1606 1335 1715 temporalium.

646 1809 672 1876 L
720 1811 839 1876 Cum
860 1829 898 1896 p.

245 1959 275 2026 1.
310 1956 392 2022 Cum
414 1955 508 2020 indic.
532 1957 693 2042 coniungit
715 1957 850 2044 scriptor

305 2068 334 2147 a)
357 2064 389 2127 in
407 2063 571 2128 sententiis
587 2063 770 2150 simpliciter
784 2065 1008 2151 temporalibus
1031 2065 1084 2145 ita,
1101 2073 1136 2129 ut
1151 2087 1227 2130 cam
1242 2073 1334 2130 sonet
1362 2111 1364 2115 «

103 2183 106 2188 ’
199 2172 257 2254 als,
282 2192 397 2250 weaa,
422 2168 587 2254 inquibus

267 2282 299 2361 a)
323 2276 464 2362 sequitur
495 2275 685 2342 indicativus
716 2299 831 2363 praes,
867 2285 904 2340 ut
935 2276 1053 2363 aliquid
1085 2278 1117 2341 in
1150 2278 1331 2344 universum

199 2383 330 2464 dicatur,
353 2383 441 2448 ouius
464 2383 510 2448 rei
533 2405 629 2447 unum
653 2382 829 2469 exemplum
852 2383 993 2465 afferam,
1020 2384 1052 2447 in
1076 2406 1138 2468 quc
1161 2385 1330 2471 particulae

98 2498 101 2504 ’
199 2512 275 2555 cam
297 2490 330 2554 in
353 2498 433 2555 sent.
448 2490 537 2577 prim.
554 2489 738 2555 adverbium
759 2491 807 2555 sic
829 2490 1000 2578 respondet
1021 2514 1079 2577 pro
1102 2489 1219 2555 usitato
1244 2497 1329 2573 tanc,

198 2620 228 2660 n.
251 2618 302 2682 qu
325 2596 394 2680 IV,
418 2601 448 2677 2,
474 2598 513 2660 12
542 2597 590 2661 sie
614 2618 753 2682 qaoque,
783 2619 859 2662 carn
886 2619 919 2662 se
945 2598 1031 2682 ripis
1061 2597 1205 2662 coatiact
1230 2597 1330 2662 natm

193 2709 410 2789 perceptam
433 2704 517 2768 ostia
543 2704 582 2767 ia
609 2725 700 2768 mare
727 2704 889 2768 emittitur
916 2702 964 2786 (cf.
988 2725 1036 2788 ep.
1061 2704 1134 2783 118,
1159 2706 1177 2768 9
1201 2704 1251 2768 ita
1273 2705 1327 2768 de-

196 2831 300 2891 mam,
324 2811 434 2894 σαφῆ),

263 2919 295 3002 β)
318 2914 508 2979 indicativus
534 2914 601 2995 fut,
628 2915 705 3001 perf.
733 2916 920 3002 praesentis,
947 2915 1024 3001 perf.
1048 2915 1129 2996 hist,
1152 2914 1192 2981 de
1215 2916 1328 3001 quibus

196 3021 274 3086 nihil
297 3022 591 3086 commemoratione
614 3020 743 3107 dignum
766 3030 823 3086 eet.

264 3132 291 3217 y)
315 3126 415 3192 Indic.
431 3127 552 3214 imperf.
568 3149 626 3191 nec
645 3127 677 3190 in
692 3127 742 3192 his
758 3128 922 3193 sententiis
938 3127 1106 3209 invenitur,
1128 3151 1187 3193 nec
1202 3131 1328 3195 omnino

195 3241 269 3319 post
291 3257 321 3320 p.
344 3255 420 3299 cam
442 3233 505 3319 legi
527 3234 588 3298 iam
611 3234 663 3298 hic
685 3232 766 3314 dico,
792 3235 853 3298 nisi
876 3257 906 3298 n.
929 3257 979 3319 qu.
1002 3233 1066 3315 IV,
1091 3238 1120 3315 5,
1143 3239 1173 3315 4,
1203 3234 1328 3322 dequo

195 3338 264 3403 loco
288 3339 326 3403 cf.
348 3339 441 3405 huius
464 3362 584 3426 paragr.
607 3339 634 3420 I,
659 3342 688 3421 1,
710 3338 740 3404 b.

261 3447 290 3528 d)
314 3445 478 3533 Plusqupf.
510 3445 700 3511 indicativus
733 3453 881 3531 quattuor
911 3446 989 3510 locis
1018 3448 1186 3534 reperitur,
1213 3447 1328 3533 quibus

194 3573 245 3616 res
272 3549 445 3618 identidem
473 3554 585 3618 iterata
611 3551 781 3634 indicatur,
813 3575 861 3639 ep.
887 3555 937 3633 ll,
964 3556 985 3618 4
1020 3554 1115 3619 Salia
1149 3561 1228 3620 tuac
1260 3561 1329 3620 crat

194 3660 462 3742 violentissimas,
487 3681 563 3726 cnm
585 3661 706 3744 faciem
729 3660 800 3724 cias
828 3661 966 3744 sanquis
993 3661 1178 3740 invaserat·
1208 3684 1257 3748 ep.
1279 3666 1328 3742 12,

195 3768 251 3847 183
283 3791 313 3831 n.
336 3789 388 3852 qu.
410 3766 438 3847 I,
463 3769 513 3846 16,
536 3769 571 3847 43
604 3788 652 3852 ep.
678 3767 816 3845 108,14
850 3766 954 3848 (scito,
985 3775 1110 3853 praeter
1137 3768 1208 3833 illos
1240 3768 1327 3833 locos

192 3872 315 3958 plusqu.
343 3871 547 3937 indicativum
575 3873 702 3936 omnino
734 3881 808 3958 post
839 3896 869 3958 p.
897 3894 974 3937 cam
1000 3896 1064 3939 non
1095 3875 1235 3961 positum
1257 3897 1327 3941 esse

193 3979 255 4045 nisi
278 4001 326 4065 ep.
352 3983 424 4060 122,
449 3981 478 4059 t,
507 3976 547 4042 de
575 4001 637 4063 quo
664 3978 733 4043 loco
757 3978 831 4044 vide
859 3979 952 4045 huius
976 3982 1161 4068 paragraphi
1183 3982 1211 4063 I,
1236 3986 1264 4062 l,
1286 3982 1326 4066 b).
