2790 4538
605 205 649 268 43

54 397 246 483 complures,
266 395 320 461 ubi
335 420 365 482 p.
381 398 461 460 dum
477 395 510 460 vi
526 393 720 460 concedendi
735 392 864 458 inclinet
878 391 919 457 ad
934 391 1192 478 significationem

55 527 88 568 v.
113 523 330 587 quamquam,
359 511 395 566 ut
417 501 456 566 de
479 503 549 566 ben.
574 500 637 582 VI,
661 505 691 582 8,
716 503 732 565 1
763 500 899 585 quidum
921 499 1015 583 uobis
1038 492 1190 585 prosunt,

57 611 142 674 etum
174 611 301 690 uotuut,
333 609 436 673 immo
460 609 540 693 quia
571 609 707 687 uolunt·
740 605 780 670 de
807 606 854 669 ira
879 604 944 685 ΙΠ,
972 608 1023 685 24,
1046 608 1081 686 4,
1113 628 1192 690 quae

58 715 244 800 significatio
267 715 365 800 magis
390 715 574 800 exprimitur
596 712 801 778 antecedente
825 734 854 776 v.
874 712 973 776 ettam
996 709 1036 775 de
1059 711 1105 775 ira
1126 711 1191 791 ΙΠ,

10 846 12 893 ;
59 822 90 900 6,
106 822 142 900 63
164 817 205 883 de
220 820 290 885 ben.
307 820 370 901 VI,
388 824 475 900 23,8
499 828 532 885 et
554 820 637 885 alibi
674 820 843 884 Praeterea
865 816 995 902 singulis
1018 816 1097 882 locis
1119 825 1193 904 post

10 906 12 945 ¹
59 950 90 1012 p.
112 928 194 991 aum
217 926 324 992 invent
432 982 436 989 .
577 994 584 1014 ,

126 1039 158 1120 β)
181 1032 407 1119 imperfectum,
429 1031 470 1097 ad
485 1032 553 1096 Pol.
571 1033 622 1112 15,
639 1035 658 1096 3
681 1031 846 1095 homiuem
861 1051 895 1094 se
910 1031 984 1111 esse,
1008 1030 1089 1093 dum
1103 1031 1191 1095 tuter

61 1140 207 1204 homiues
231 1145 308 1221 erut,
331 1140 451 1218 sensit,-

126 1250 154 1332 γ)
177 1244 326 1324 futurum,
349 1244 390 1309 ad
404 1244 451 1308 M.
467 1242 515 1330 *dc
531 1265 556 1307 c.
574 1244 662 1323 19,1
688 1242 831 1307 obseratis
854 1243 943 1306 euim
965 1242 1190 1327 afuturosque,

63 1353 141 1415 dum
164 1352 282 1431 utueut,
306 1372 375 1414 uou
396 1351 532 1434 stemus,-

126 1460 155 1536 d)
177 1456 360 1543 perfectum,
384 1478 432 1542 ep.
453 1459 504 1536 21,
528 1458 546 1519 6
571 1458 689 1520 torum
710 1455 821 1538 qrutr'u
843 1455 958 1537 utqur't,
982 1455 1099 1518 doruus
1120 1455 1188 1538 fre-

65 1568 216 1648 quentata
239 1569 293 1645 est,
317 1564 396 1626 dum
419 1563 488 1648 tpsr'
510 1566 677 1626 steteruut.

105 1670 138 1738 2.
181 1669 213 1732 A
235 1693 266 1754 p.
289 1670 397 1751 donee,
421 1691 514 1753 quam
537 1668 672 1753 scriptor
694 1667 771 1731 satis
794 1664 991 1731 abundanter
1011 1668 1127 1753 posuit,
1245 1715 1247 1720 ,

164 1776 192 1856 a)
216 1773 404 1839 indicativus
428 1774 542 1837 nullius
565 1773 716 1859 temporis
739 1771 857 1859 pendet
878 1773 940 1837 nisi

128 1884 159 1963 u)
181 1880 259 1966 perf.
281 1881 470 1966 praesentis,
503 1887 538 1942 ut
565 1902 594 1942 n.
617 1901 668 1963 qu.
691 1877 755 1958 HI,
786 1882 835 1959 15,
861 1880 970 1960 5325,
995 1881 1051 1961 125
1080 1883 1131 1961 26,
1155 1883 1173 1945 6
1182 1906 1191 1961 ;

68 1983 125 2065 VI,
148 1989 177 2066 9,
201 1989 236 2065 13
262 1989 290 2065 9,
314 1990 349 2066 2;
374 1990 403 2066 9,
427 1991 461 2066 3,
485 2008 533 2070 ep.
558 1988 631 2065 121,
654 1988 684 2064 8,
706 1983 812 2048 multis
835 1984 904 2049 aliis
926 1984 1018 2065 locis3

127 2096 158 2178 β)
180 2091 258 2177 perf.
281 2091 363 2171 hist,
386 2101 422 2155 ut
445 2091 484 2155 de
502 2092 550 2155 ira
571 2091 636 2171 IH,
653 2094 704 2171 20,
719 2094 755 2172 43
779 2087 818 2156 de
834 2099 933 2156 const
949 2113 973 2156 s.
990 2096 1020 2173 2,
1037 2097 1071 2174 33
1093 2116 1123 2156 n.
1141 2116 1192 2178 qu.

70 2193 142 2279 VII,
167 2201 218 2277 29,
242 2201 277 2278 3,
300 2219 348 2283 ep.
375 2201 447 2276 120,
472 2201 488 2262 7
514 2207 547 2262 et
568 2197 661 2279 alibi3

164 2303 195 2385 b)
219 2304 452 2385 coniunctivus,
482 2305 509 2369 si
532 2327 570 2369 ea
593 2305 735 2391 exempla
756 2305 1043 2390 praetermittimus
1067 2306 1099 2369 in
1123 2307 1193 2392 qui-

69 2406 119 2473 bus
141 2409 220 2474 coni.
244 2409 408 2474 consilium
432 2411 483 2476 vel
506 2411 682 2496 expectatio
706 2410 897 2496 designatur,

84 2538 86 2543 ’
125 2521 156 2598 α)
179 2516 354 2603 praesentis
382 2516 413 2578 in
441 2518 585 2602 personis
608 2517 660 2582 vel
687 2517 781 2581 rebus
809 2517 841 2580 in
869 2518 1051 2582 universum
1075 2518 1192 2584 descri-

68 2617 181 2702 bendis
204 2621 293 2687 velut
316 2644 364 2706 ep.
390 2624 462 2702 113,
488 2626 526 2687 11
552 2644 646 2687 cruue
669 2623 810 2704 animat,
834 2625 933 2689 dcuee
954 2626 1132 2707 moriatur,
1156 2627 1193 2691 id
1228 2618 1230 2622 ¹

68 2730 214 2813 estquod
235 2733 353 2812 coeptu·
378 2751 408 2791 n.
424 2750 474 2813 qu.
498 2727 524 2809 I,
549 2733 578 2807 2,
595 2732 613 2792 2
620 2753 629 2809 ;
654 2731 704 2808 15,
725 2732 744 2792 2
751 2753 759 2808 ;
782 2728 864 2810 VII,
889 2733 974 2810 18,1
1000 2740 1032 2795 et
1050 2733 1176 2818 saepius
1183 2758 1192 2813 ;

123 2839 155 2920 β)
178 2833 354 2919 imperfecti
376 2835 430 2914 ita,
460 2843 496 2898 ut
518 2835 701 2920 simpliciter
724 2833 866 2899 denotari
887 2835 1040 2917 videatur,
1063 2838 1189 2923 quando

64 2957 108 3003 res
136 2947 215 3004 sent.
238 2940 327 3025 prim.
351 2940 495 3025 exposita
524 2939 661 3021 desinat,
684 2939 724 3005 de
747 2941 816 3005 ben.
841 2942 903 3022 VI,
927 2947 978 3023 32,
1002 2947 1021 3007 2
1049 2966 1190 3028 pemeus,

64 3047 144 3127 quod
157 3067 227 3110 unu
245 3046 304 3110 uu
319 3046 448 3110 siteutto
460 3047 640 3130 pressisset,
658 3068 740 3130 quue
757 3049 886 3114 tamdiu
901 3051 1068 3133 nescierat,
1092 3053 1191 3117 douec

64 3135 149 3234 loqui
173 3156 268 3235 turpe
290 3157 371 3215 esset
395 3203 401 3215 .
423 3203 456 3215 ..
489 3157 569 3233 (nam
594 3151 733 3216 oratione
756 3152 909 3224 indirecta
931 3155 1055 3220 sublata
1075 3156 1150 3221 inde
1173 3181 1192 3222 a

63 3255 164 3320 verbis
188 3277 271 3339 quae
295 3258 423 3320 turuda'u
454 3258 588 3343 scriptor
610 3280 698 3322 suam
720 3259 819 3346 ipsius
843 3262 1028 3325 sententiam
1051 3263 1191 3348 profert).

60 3356 206 3426 Fortasse
233 3360 306 3426 ideo
334 3363 468 3449 scriptor
496 3364 575 3429 coni.
598 3366 717 3451 posuit,
746 3374 782 3429 ut
803 3389 868 3431 non
890 3375 1012 3431 tantum
1038 3369 1190 3454 temporis

60 3475 208 3550 punctum
236 3468 423 3552 significaret
429 3519 438 3550 ,
466 3493 528 3556 quo
556 3472 676 3536 nescire
700 3471 867 3553 desineret,
895 3473 952 3538 sed
975 3475 1070 3539 etiam
1093 3474 1191 3559 quali-

60 3578 154 3636 tatem
177 3574 327 3659 temporis
350 3575 449 3660 magis
473 3576 662 3662 exprimeret
684 3587 716 3642 et
739 3578 873 3643 efferret.

101 3678 134 3746 3.
186 3679 300 3755 Qeeoud
322 3679 405 3765 apud
422 3679 573 3745 Senecam
592 3682 687 3746 semel
710 3682 832 3769 legitur,
848 3709 878 3749 n.
894 3710 944 3771 qu.
960 3685 987 3767 I,
1005 3690 1033 3767 5,
1050 3689 1069 3750 6
1093 3693 1186 3752 stau-

61 3784 138 3848 duru
161 3791 208 3848 est
230 3792 284 3866 (sc.
307 3786 418 3867 stillis),
442 3789 551 3871 quoad
571 3789 615 3870 u,
640 3791 726 3874 quod
746 3791 935 3874 tmttuutur,
960 3793 1135 3877 eucipu'uut.

102 3891 135 3958 4.
180 3890 255 3956 Uno
283 3891 352 3955 loco
383 3915 550 3978 quousque
578 3903 627 3959 est
654 3917 702 3981 ep.
728 3899 778 3976 93,
800 3899 819 3961 9
843 3919 1010 3983 quousque
1033 3900 1188 3981 uiuimus,

63 3997 210 4061 corutum
232 4019 345 4062 rerum
368 4000 550 4082 ecqua'ttoue
571 4001 676 4084 fructi
698 4023 824 4068 sumus.
