2790 4538
753 193 793 254 22

206 384 262 450 sed
277 406 361 448 nova
376 383 481 469 potius
492 375 591 448 ¹causa
605 381 769 463 indicatur,
792 405 847 466 cur
860 382 944 447 bona
962 391 1129 469 praecepta
1143 384 1183 448 ab
1198 384 1337 470 Epicuro

205 490 340 555 mutuari
364 489 484 554 Seneca
505 511 569 553 non
593 488 724 554 dubitet

311 595 451 660 Fickerti
466 596 499 660 in
516 594 669 680 scriptura
686 595 790 679 probo
814 616 848 660 eo
872 595 1027 660 libentius
1047 596 1190 681 Epicuri
1212 599 1339 682 eprepia

169 765 174 776 ,
205 703 305 784 dicta,
330 723 556 783 commemora
579 708 619 766 at
639 701 699 765 isa·
721 753 727 766 .
749 753 755 766 .
777 753 783 766 .
808 701 941 766 verbum
959 703 1062 788 probo
1084 701 1172 766 iuxta
1195 724 1335 768 commc-

206 829 297 873 moro
320 808 459 894 positum
481 804 664 892 languidum
687 815 745 889 est,
772 829 844 871 oum
866 806 986 872 Seneca
1007 829 1071 872 non
1093 807 1257 894 probando
1281 808 1338 873 sed

206 908 481 979 commemorando
502 913 625 978 efficere
641 912 776 994 studeat,
798 918 838 978 at
858 915 941 979 ista.
962 966 968 979 .
990 966 996 978 .
1044 913 1113 978 Nec
1127 914 1225 979 verba
1236 916 1340 1001 probo

206 1020 436 1085 solidandae.
458 1072 464 1084 .
486 1071 491 1084 .
518 1026 592 1106 apta
614 1018 812 1084 cohaerentia
833 1018 984 1106 proximis
1000 1019 1154 1084 accedunt
1169 1027 1210 1101 et,
1233 1020 1261 1085 si
1277 1043 1340 1086 v.v.

206 1147 240 1190 eo
265 1126 420 1190 libentius
442 1123 483 1190 ad
507 1148 568 1191 v.v.
584 1132 623 1191 at
644 1127 727 1190 ista.
747 1177 754 1190 .
775 1178 781 1190 .
808 1133 950 1213 spectare
969 1126 1028 1207 vis,
1049 1125 1103 1190 illa
1125 1126 1165 1190 ab
1187 1125 1240 1218 his
1260 1149 1341 1193 voce

206 1253 418 1297 commemoro
439 1231 571 1297 moleste
595 1239 807 1297 secernuntur.

311 1337 381 1424 Ego
404 1338 437 1402 in
459 1338 550 1402 initio
573 1360 676 1403 novae
699 1359 810 1403 causae
833 1336 1010 1403 afferendae
1033 1360 1134 1424 porro
1156 1338 1227 1403 loco
1249 1340 1340 1404 vocis

201 1465 265 1529 pro
289 1443 488 1509 scribendum
511 1465 581 1509 esse
604 1451 691 1530 puto.

312 1554 343 1636 g)
389 1551 463 1615 Hac
484 1571 520 1614 re
541 1550 621 1635 legis
644 1572 693 1637 ep.
718 1552 747 1631 9,
771 1552 800 1615 9.

311 1656 343 1741 h)
389 1656 539 1742 Scriptm,
554 1663 599 1736 ut,
615 1656 758 1741 quamvis
774 1678 868 1744 saepe
884 1657 1007 1722 occasio
1019 1652 1093 1722 data
1108 1658 1150 1722 sit
1165 1659 1339 1723 sententias

206 1762 392 1848 pronomine
415 1762 548 1827 relativo
572 1760 744 1842 vinciendi,
773 1760 1053 1828 demonstrativum
1076 1763 1233 1850 praeferre
1257 1765 1340 1830 solet

206 1873 252 1951 (ut
274 1868 305 1932 in
328 1868 369 1933 l.l.
393 1867 433 1934 de
456 1890 555 1955 prov„
579 1866 618 1932 de
642 1876 740 1933 const.
757 1891 790 1949 s,
813 1867 854 1933 ad
876 1869 923 1935 M.
939 1868 979 1934 de
1003 1892 1038 1949 c.,
1061 1868 1101 1934 de
1122 1870 1210 1935 olem.
1233 1872 1339 1936 sexies

205 1982 328 2038 tantum
352 1974 537 2061 pronomine
560 1973 648 2038 relat.
672 1974 843 2039 sententias
866 1976 1038 2060 conexuit),
1060 1977 1105 2041 ita
1127 1999 1241 2042 vocum
1263 1999 1340 2042 con-

204 2079 314 2145 clusiv.
338 2086 546 2166 quapropter,
571 2101 673 2164 qaam
696 2081 734 2144 ob
751 2103 830 2164 ram,
855 2084 1014 2167 quocirca,
1038 2104 1139 2167 quare
1161 2082 1242 2147 hano
1264 2083 1339 2147 ulti-

204 2209 287 2250 mam
310 2187 408 2252 solam
430 2185 559 2250 admisit
581 2194 614 2250 et
635 2206 675 2250 ne
697 2185 778 2251 hano
800 2185 926 2272 quidem
948 2188 1010 2252 nisi
1033 2186 1072 2252 de
1095 2189 1142 2253 ira
1163 2189 1228 2269 III,
1252 2193 1282 2269 8,
1302 2192 1338 2269 63

204 2315 252 2378 ep.
276 2295 328 2372 47,
353 2296 409 2373 173
434 2295 485 2373 55,
508 2296 544 2372 8;
567 2290 698 2357 deub.
722 2296 752 2373 8,
776 2294 810 2372 63
833 2314 904 2356 cum
925 2293 1066 2379 imperat
1089 2317 1137 2380 ep.
1163 2298 1213 2375 33,
1238 2297 1272 2375 55
1296 2294 1337 2358 ad

204 2398 251 2463 M.
274 2398 314 2464 de
338 2421 363 2463 c.
388 2402 417 2480 5,
442 2403 476 2479 33
504 2420 578 2462 cum
598 2398 677 2464 coni.
700 2396 822 2463 adhort
844 2397 885 2462 ad
907 2398 954 2463 M.
979 2397 1018 2464 de
1041 2421 1069 2463 c.
1091 2402 1121 2481 6,
1145 2405 1179 2481 33
1202 2399 1243 2466 de
1265 2401 1336 2466 ben.

203 2504 241 2569 H
274 2509 324 2570 22.

240 2554 250 2586 '
310 2611 344 2695 i),
377 2611 507 2680 Vitavit
529 2610 649 2676 Seneca
677 2610 771 2676 etiam
795 2633 855 2681 uv.
870 2612 1005 2694 idcirco,
1029 2618 1219 2699 propterea,
1248 2614 1334 2696 hinc,

205 2739 239 2782 eo
262 2718 294 2782 in
318 2718 483 2782 sententiis
506 2717 643 2782 conclus.
