2790 4538
684 193 725 264 50
854 140 878 165 ⁷

137 388 259 456 nedum
286 389 417 456 verbum
443 397 548 456 mente
575 389 756 456 addendum
784 398 845 472 est,
877 399 913 455 ut
939 413 987 478 ep.
1013 394 1068 473 99,
1096 393 1138 458 23
1170 411 1272 458 eremo

138 497 227 561 errire
250 498 384 561 libenter
408 498 497 561 tristi
518 503 736 580 conversatur,
760 499 882 562 nedum
906 499 1076 578 tristitiae,
1102 498 1143 563 de
1165 507 1271 563 const.

137 624 160 666 s.
186 606 214 683 3,
239 605 272 682 1,
297 606 326 683 5,
350 605 384 683 5,
407 601 447 667 de
469 603 539 667 ben.
563 603 626 684 VI,
650 607 701 685 37,
725 609 759 684 3,
782 602 822 668 ad
844 603 940 669 Helv.
964 607 994 684 4,
1019 606 1047 669 1.

242 708 460 774 Antecedente
492 718 597 775 autem
628 710 783 775 sententia
809 710 912 775 aiente
939 711 1015 774 item
1042 732 1165 796 semper
1193 718 1272 795 post

136 817 258 904 nedum
281 817 411 881 verbum
434 814 623 880 audiendum
647 825 704 898 est,
732 816 770 882 cf.
792 840 822 881 n.
845 838 895 902 qu.
918 815 1001 897 VH,
1025 819 1054 897 9,
1077 820 1112 897 4,
1140 839 1190 902 ep.
1217 819 1272 897 51,

139 924 172 1001 7,
197 924 248 1002 91,
273 925 307 1003 1,
332 925 383 1003 51,
407 927 426 988 3
451 923 510 1008 qai
531 924 676 989 moltiori
700 923 894 988 0110001010
918 923 1225 987 101010111100110000
1249 945 1272 986 a

131 1029 274 1112 perfeeto
297 1029 424 1095 010000.
1289 1038 1291 1042 ”

283 1353 306 1452 ξ
341 1351 407 1428 11.
471 1346 535 1428 Da
567 1308 782 1454 particulis
815 1347 1116 1462 sententiarum

520 1484 882 1568 condicionalium.

133 1714 164 1782 I.
191 1713 378 1799 Priusquam
398 1711 439 1777 ad
459 1713 597 1797 singulas
617 1714 727 1778 harum
748 1714 974 1779 sententiarum
993 1713 1107 1778 formas
1128 1721 1269 1796 transe0,

363 1819 513 1885 nonnulla
534 1819 566 1884 in
590 1821 771 1886 universum
794 1819 928 1885 dicenda
950 1827 1031 1884 sunt.

238 1996 270 2064 1.
315 1993 468 2081 Scriptor,
501 2017 571 2060 cum
603 1995 694 2060 aliam
722 1994 937 2061 condicionem
970 1995 1037 2076 0111,
1064 2017 1144 2080 quae
1171 2003 1270 2060 antea

133 2100 256 2188 legitur,
278 2109 333 2166 aut
355 2100 569 2187 aliquomodo
588 2101 674 2181 latet,
698 2101 839 2188 opponit,
860 2101 927 2166 fere
943 2123 1067 2188 semper
1085 2102 1170 2166 illam
1191 2102 1269 2166 sim-

132 2208 206 2294 plici
227 2209 260 2273 01
281 2208 447 2289 subnectit,
469 2208 557 2273 velut
579 2206 619 2272 de
641 2216 762 2294 tranqu.
777 2230 804 2273 a.
829 2211 880 2288 11,
904 2212 938 2288 3,
961 2207 1001 2272 de
1024 2216 1122 2273 const
1138 2230 1162 2273 s.
1180 2212 1210 2288 3,
1230 2212 1268 2288 2;

132 2314 239 2380 multis
262 2314 331 2380 aliis
353 2314 439 2379 loeis.
480 2314 563 2380 Uno
577 2314 647 2380 1000
669 2315 726 2379 aire
747 2337 778 2400 p.
793 2313 965 2401 respondet
986 2314 1146 2401 proximae
1169 2315 1202 2379 01
1224 2315 1269 2379 ad

131 2420 227 2486 Helv.
250 2425 315 2502 4,2
338 2422 370 2485 01
386 2427 533 2505 potuero,
557 2421 774 2504 manifestum
796 2421 930 2506 focium,
953 2422 1009 2484 aire
1030 2421 1067 2485 iel
1088 2421 1177 2486 erecti
1195 2442 1269 2485 riori

127 2528 286 2613 potuerit,
315 2533 351 2593 et
376 2549 430 2611 eqo
453 2527 538 2592 milei
559 2526 627 2612 ipsi
648 2527 754 2611 000910
778 2527 936 2611 parebas
961 2526 1152 2591 0110101000
1175 2535 1268 2592 ante-

131 2633 255 2699 cedenti
278 2635 436 2718 quotieas,
461 2632 501 2697 de
524 2633 595 2699 ben.
617 2632 663 2714 H,
688 2635 739 2714 10,
761 2636 791 2697 4.

236 2742 269 2809 2.
314 2741 362 2805 Ni
383 2740 554 2826 particulae
576 2739 696 2803 nullum
719 2746 769 2804 est
783 2738 961 2824 exemplum
977 2738 1009 2803 in
1026 2739 1171 2805 omnibus
1188 2740 1268 2804 0011-

130 2846 194 2933 ptis
218 2845 355 2911 Senecae
378 2845 439 2910 nisi
462 2867 510 2931 ep.
529 2847 579 2926 14,
596 2849 615 2910 3
639 2846 678 2909 rti
700 2846 807 2929 fallor.
847 2843 899 2908 De
917 2844 1005 2909 010111.
1021 2845 1048 2926 Ι,
1065 2848 1116 2926 11,
1131 2849 1153 2909 4
1169 2847 1267 2929 0111111,

130 2952 185 3018 ubi
207 2953 246 3017 rei
268 2953 354 3037 quod
376 2951 536 3017 codicibus
558 2950 701 3032 traditur,
723 2951 820 3037 vulgo
847 2951 918 3016 reisi
940 2954 1026 3037 qued
1047 2952 1114 3016 iure
1137 2974 1174 3016 ac
1197 2976 1269 3018 me-

129 3060 190 3124 1110
213 3057 417 3124 substitutum
441 3067 497 3123 001.
542 3057 639 3137 Quod
663 3058 811 3123 Gertzius
835 3059 925 3142 (conf.
948 3057 1053 3123 adnot
1070 3057 1147 3140 crit)
1170 3081 1267 3144 prae-

65 3237 67 3242 ,
129 3174 179 3231 ter
192 3165 281 3246 hanc,
304 3187 396 3250 quam
419 3164 487 3251 ipse
510 3165 637 3250 recepit,
660 3165 846 3251 scripturam
869 3165 961 3229 aliam
982 3170 1069 3229 eatae
1092 3166 1205 3249 quod.
1227 3217 1234 3230 .
1257 3217 1264 3232 .

129 3278 220 3358 putat
243 3269 465 3351 commendari,
487 3270 561 3356 quia
583 3272 628 3337 sic
650 3271 774 3356 utrique
797 3270 1047 3356 interrogationi,
1070 3292 1150 3356 quae
1173 3279 1267 3337 ante-

129 3376 222 3458 cedit,
244 3375 479 3464 respondeatur,
502 3399 560 3462 ego
576 3399 640 3441 non
656 3375 759 3456 viden,
782 3398 838 3440 cur
860 3377 1024 3458 sententia,
1047 3399 1127 3462 quae
1150 3376 1267 3465 incipit

129 3498 148 3549 a
169 3506 231 3550 var.
254 3485 323 3548 0101
345 3485 432 3570 qaod
457 3483 498 3547 ad
525 3488 688 3568 utramque
710 3483 988 3567 interrogationem
1010 3482 1119 3548 referri
1142 3504 1265 3570 neque-

128 3599 162 3656 at
188 3599 224 3655 ut
251 3590 436 3655 subiectum.
485 3590 643 3654 Particula
668 3589 816 3674 interrog.
839 3611 881 3653 ree
908 3596 1026 3667 autem,
1054 3589 1170 3675 quippe
1200 3613 1265 3675 qua

128 3696 204 3783 quid
227 3696 480 3783 respondendum
503 3697 557 3777 sit,
589 3719 653 3761 non
680 3695 829 3761 distincte
857 3695 1061 3781 significetur,
1093 3696 1170 3760 satis
1194 3696 1263 3760 lan-

127 3802 224 3890 guida
248 3803 309 3868 hoc
335 3803 404 3869 1000
433 3801 559 3868 videtur
585 3825 669 3884 esse,
697 3825 768 3866 cum
796 3801 929 3888 scriptor
959 3809 1078 3866 certum
1105 3823 1142 3866 ac
1168 3801 1264 3867 indu-

127 3910 260 3975 bitatum
293 3932 363 3975 0000
388 3908 479 3991 velit,
514 3909 548 3974 in
580 3908 713 3976 saevitia
744 3931 780 3972 ae
805 3907 969 3973 clementia
999 3929 1151 3972 summam
1177 3908 1262 3974 verti

127 4015 328 4099 discriminis,
370 4015 455 4105 quod
493 4023 542 4081 est
576 4016 658 4081 inter
686 4010 865 4102 vtyrannum
903 4022 936 4080 et
976 4035 1090 4100 regem.
1167 4013 1262 4097 Quae
