2790 4538
680 207 720 275 36

134 420 210 464 mus
232 399 284 482 sit,
308 421 365 486 pro
381 422 443 485 quo
459 400 703 488 Wesenbergius
727 411 835 467 contra
850 402 918 468 cod.
940 404 973 468 A
987 404 1093 469 nescio
1109 427 1148 469 an
1164 427 1266 491 prave

134 505 227 570 indic.
251 512 297 570 est
323 506 494 571 substituit
544 507 618 572 Alio
647 508 729 572 enim
756 510 826 574 loco
854 508 962 574 deira
984 509 1030 591 H,
1059 513 1110 591 27,
1134 515 1152 575 2
1182 512 1265 576 coni.

134 613 313 696 derigatur,
342 629 412 676 cum
439 613 472 676 in
495 611 563 677 cod.
585 613 617 676 A
639 614 728 679 insit:
757 616 907 699 desiperet
933 617 1153 702 (superscripto
1178 639 1266 681 com-

132 715 249 803 pendio
265 717 402 803 syllabae
418 723 481 802 or),
503 726 607 784 certus
630 741 666 783 ac
681 741 776 785 verus
800 742 869 785 esse
884 720 1020 802 videtur,
1042 723 1115 808 quia
1130 721 1265 788 dubium

133 846 196 887 non
220 831 277 904 est,
300 824 374 909 quin
397 847 427 888 v.
443 826 594 908 derigant
614 825 736 914 facilius
752 848 793 890 ex
808 827 983 910 derigatur,
1007 849 1100 913 quam
1116 850 1155 892 ex
1171 830 1262 893 deri-

130 931 223 1014 pitur
245 929 318 994 oriri
340 930 486 1016 potuerit.

238 1035 270 1120 b)
297 1036 393 1119 (bam,
425 1035 510 1122 quod
542 1035 657 1102 dicitur
687 1039 856 1119 inversum,
878 1037 1109 1104 modestissime
1141 1037 1265 1104 Seneca

133 1143 305 1230 usurpavit
353 1142 468 1207 Tribus
497 1142 579 1207 enim
605 1143 683 1208 locis
710 1144 831 1224 inveni,
862 1166 932 1208 cum
959 1153 1124 1230 praesente
1151 1145 1264 1211 histor.

133 1249 331 1314 coniunctum
359 1248 399 1313 de
426 1257 547 1334 tranqu.
570 1272 597 1314 a
622 1252 672 1330 14,
697 1253 730 1331 7,
757 1272 828 1315 cum
854 1250 932 1336 perf.
954 1250 1027 1316 hist.
1055 1273 1103 1337 ep.
1128 1252 1202 1332 102,
1228 1255 1264 1332 23

133 1354 173 1421 de
195 1355 241 1419 ira
263 1354 291 1435 Ι,
315 1357 366 1436 18,
390 1360 409 1421 3
432 1376 508 1420 cum
530 1355 638 1420 subito
660 1357 828 1441 apparuit.

177 1465 211 1530 4.
255 1461 296 1525 In
323 1462 384 1526 fine
411 1461 503 1527 huius
516 1464 551 1545 ’ξ
574 1484 674 1548 pauca
696 1460 736 1526 de
763 1461 897 1527 formula
918 1461 1067 1547 loquendi
1091 1469 1265 1528 cam-tum

133 1590 296 1656 exponam,
317 1589 398 1652 quae
420 1567 643 1656 impartitione
665 1567 732 1633 fere
754 1575 821 1632 tum
843 1575 1019 1655 usurpatur,
1042 1569 1069 1633 si
1092 1570 1162 1654 quis
1185 1592 1206 1633 a
1228 1593 1264 1635 re

132 1675 260 1740 minoris
286 1673 436 1737 momenti
463 1671 504 1736 ad
529 1674 704 1759 graviorem
733 1673 884 1760 procedit.
929 1673 1027 1753 Quod
1054 1675 1194 1740 Haasius
1219 1677 1263 1758 (in

133 1780 228 1868 praef.
256 1777 296 1843 ad
324 1778 385 1844 vol.
408 1778 477 1859 III,
500 1802 561 1867 p.p.
587 1782 637 1860 14,
663 1782 714 1863 15)
738 1779 870 1861 dubitat,
901 1803 977 1844 num
999 1780 1058 1845 hae
1089 1781 1264 1866 particulae

69 1951 71 1956 .
133 1887 259 1952 omnino
279 1883 363 1972 apud
379 1884 530 1950 Senecam
552 1884 703 1971 legantur,
719 1894 809 1950 errat.
847 1887 937 1965 Quas
953 1909 1009 1951 cur
1030 1886 1164 1973 scriptor
1178 1887 1263 1952 vita-

132 1993 227 2073 verit,
254 2013 291 2056 ea
317 2013 351 2056 re
374 1990 522 2076 explicat,
545 1990 639 2076 quod,
660 2014 751 2072 „cum
773 1991 982 2057 obsolevisset
1004 1990 1152 2073 studium,
1174 1992 1263 2077 quod

133 2099 294 2165 Ciceronis
325 2104 428 2161 aetate
457 2097 613 2183 viguerat,
641 2098 799 2163 vinciendi
827 2100 999 2163 orationem
1031 2100 1261 2186 amplioresque

133 2204 356 2271 sententiarum
379 2203 513 2268 ambitus
536 2204 748 2286 collocatione,
771 2228 909 2285 numero,
931 2205 1092 2291 particulis
1108 2207 1259 2270 concinne

133 2320 165 2377 et
187 2311 352 2375 artificiose
379 2308 587 2395 componendi
613 2311 820 2376 instrumenta
846 2333 970 2397 quoque
994 2312 1061 2376 eius
1089 2311 1165 2376 artis
1189 2334 1260 2375 cunr

132 2426 198 2482 arte
221 2417 290 2502 ipsa
312 2415 433 2480 abiecta
455 2415 547 2480 sint.“
591 2414 654 2480 Sed
678 2416 717 2481 de
732 2417 803 2482 b'en.
821 2416 867 2498 H,
884 2420 970 2499 14,2
993 2416 1070 2481 haec
1093 2417 1259 2481 traduntur

132 2523 331 2590 cornicilia
354 2523 585 2606 beneficiorum
607 2543 745 2587 suorum
766 2530 917 2609 spectare,
943 2530 1014 2587 turn
1029 2525 1129 2588 ctiam
1153 2525 1258 2588 cattos

132 2632 229 2711 decet,
252 2650 311 2693 nec
332 2627 435 2692 minus
459 2636 578 2692 certum
600 2636 661 2709 est,
688 2627 774 2713 quod
796 2629 911 2715 legitur
933 2629 973 2693 de
996 2629 1084 2694 clem.
1106 2628 1134 2708 I,
1164 2633 1215 2709 19,
1238 2633 1256 2692 2

127 2742 296 2822 praetereo
321 2735 466 2818 insignis
487 2735 557 2818 regi
582 2734 692 2818 formo
719 2738 767 2798 est
787 2735 1022 2820 dissimilisque
1048 2722 1160 2800 ceteris
1183 2757 1257 2800 cum

131 2841 360 2927 magnitudine
388 2846 458 2904 tom
489 2840 604 2904 nitore
661 2840 734 2904 Hoc
762 2841 844 2905 enim
870 2840 940 2905 loco
968 2842 1105 2928 optimus
1133 2839 1202 2905 cod
1225 2840 1257 2904 N

130 2947 226 3013 habet
248 2937 425 3028 cumsstum,
448 2968 511 3010 non
531 2945 692 3032 vulgarem
712 2946 879 3012 lectionem
905 2953 1079 3028 tum-tum,
1103 2969 1183 3032 quae
1206 2947 1256 3011 vel

130 3053 203 3118 ideo
218 3050 424 3138 improbanda
447 3059 504 3131 est,
526 3052 601 3137 quia
615 3074 674 3116 nec
690 3051 809 3118 Seneca
824 3075 956 3138 usquam
978 3054 1052 3119 alibi
1075 3055 1120 3119 ita
1133 3055 1255 3120 locutus

130 3168 259 3226 estnec
280 3159 363 3223 inter
378 3158 463 3222 viros
486 3156 596 3223 doctos
620 3167 752 3239 constat,
774 3183 848 3224 num
872 3160 998 3224 omnino
1014 3183 1076 3226 v.v.
1093 3167 1255 3226 twa-tom

131 3288 266 3351 unquam
281 3263 373 3328 aliam
388 3263 645 3350 significationem
658 3266 829 3352 praebeant
843 3266 904 3330 nisi
919 3267 1137 3331 modo-modo.
1168 3267 1255 3331 Haec

130 3381 244 3452 autem,
267 3393 338 3434 oum
359 3392 415 3434 rex
438 3369 543 3456 apium
565 3371 619 3455 qui
634 3370 749 3436 dicitur
764 3394 783 3436 a
798 3370 926 3453 Seneca,
948 3394 1011 3436 non
1027 3370 1122 3436 modo
1138 3373 1255 3458 magni-

130 3477 248 3558 tudine,
265 3475 359 3541 modo
374 3477 475 3541 nitore
492 3475 548 3541 sed
563 3477 671 3562 utique
687 3487 806 3542 ceteras
822 3499 897 3564 apes
911 3476 1126 3563 magnitudine
1142 3479 1254 3556 vincat,

130 3583 303 3649 sententiae
325 3583 445 3647 ratione
467 3581 673 3669 improbanda
695 3592 752 3649 est.

235 3687 383 3754 Ceterum
398 3696 463 3752 tam
477 3689 612 3754 modesti
634 3712 710 3755 usus
733 3690 843 3754 harum
864 3713 926 3777 p.p.
942 3711 1036 3755 causa
1057 3690 1252 3756 hauddubie

128 3795 182 3860 illa
204 3793 360 3860 scribendi
382 3794 578 3881 neglegentia
601 3805 658 3878 est,
681 3818 774 3882 quam
796 3796 935 3861 Haasius
957 3797 1038 3862 bene
1062 3798 1216 3884 exposuit

232 3901 346 3987 Neque
361 3924 437 3966 vero
459 3902 617 3988 intellego,
640 3925 696 3968 cur
716 3901 801 3967 idem
823 3902 991 3987 particulas
1009 3904 1078 3968 illas
1102 3926 1151 3990 ep.
1168 3903 1251 3984 66,6

128 4009 396 4078 ordinatissimus
424 4029 499 4073 cum
526 4010 634 4075 decore
657 4014 764 4094 (tlara
791 4009 920 4074 uirilitas
947 4010 1025 4095 (sola
1047 4010 1108 4075 litt.
1126 4017 1139 4075 t
1159 4010 1251 4091 illata)
