2790 4538
760 206 801 268 58

217 389 279 457 iam
307 392 455 474 desiisse;
484 393 525 458 ad
547 394 643 459 Helv.
668 398 686 459 5
710 395 806 459 Boou
828 395 1014 459 ceede‘ee’oee
1034 396 1138 479 penite
1159 417 1287 478 semes,
1316 397 1348 459 se’

215 521 287 564 eom
309 521 378 564 eod
400 502 654 580 desertarentur,¹
680 500 732 565 ubi
754 499 833 564 illud
853 501 958 584 pediti
978 522 1096 565 sames
1123 510 1195 566 ante
1218 510 1345 588 tempus

215 614 293 669 sent.
322 628 383 670 seo.
411 606 611 690 cogitandum
633 615 695 687 est,
722 605 779 671 sed
802 629 876 670 num
908 607 1003 671 bona
1035 606 1218 672 condicione
1245 608 1346 693 geniti

217 712 327 792 simne,
354 712 460 777 futuro
487 721 628 799 tempore
659 735 808 799 apparere
836 711 957 777 dieitur.
1011 713 1145 778 Duobus
1173 714 1269 799 igitur
1295 714 1346 779 his

215 817 293 882 locis
320 819 402 882 actio
430 827 509 883 sent.
531 819 695 904 primariae
722 827 794 883 ante
822 817 1023 883 secundariae
1051 819 1114 883 iam
1142 820 1286 885 absoluta
1309 842 1346 884 ac

216 923 355 1010 perfecta
377 932 434 989 est.
479 925 570 1003 Quae
597 925 747 1011 temporis
775 925 854 989 ratio
877 947 940 990 non
962 926 1046 990 inest
1068 933 1178 1011 quarto
1201 926 1272 990 loco
1296 949 1345 1012 ep.

217 1033 268 1106 95,
293 1033 334 1094 54
371 1031 414 1094 Ire
445 1052 687 1116 sapervacuum
709 1038 885 1117 praecepte
915 1031 1126 1113 iactavimus,
1159 1032 1230 1095 adsi
1261 1032 1348 1097 illud

211 1138 431 1220 praeeessere‘t,
456 1141 585 1222 qualem
604 1141 642 1203 de
665 1160 859 1223 quoeunque
881 1160 916 1203 re
938 1139 1052 1203 babere
1075 1138 1247 1202 debeamus
1270 1140 1343 1222 opi-

215 1243 358 1307 ne'oeem.
405 1242 502 1321 Quod
533 1245 560 1309 si
587 1245 834 1331 reputaverimus
863 1253 895 1308 et
917 1244 1144 1330 inspexerimus
1168 1246 1187 1327 ᾗ
1212 1246 1264 1323 55,
1291 1244 1347 1308 ubi

217 1346 327 1412 eadem
351 1349 507 1413 sententia
529 1350 634 1415 verbis
662 1352 718 1415 sed
739 1353 827 1416 etad
848 1372 994 1435 operette,
1018 1351 1049 1414 εἰ
1074 1401 1080 1414 .
1101 1402 1108 1414 .
1129 1401 1163 1414 ..
1194 1358 1227 1414 et
1251 1352 1269 1432 ᾗ
1295 1352 1368 1429 57,.

215 1452 269 1517 ubi
296 1454 402 1518 verbis
429 1455 523 1520 Acte‘o
550 1462 637 1520 reete
663 1478 734 1521 eoo
761 1458 824 1521 eret
848 1509 853 1521 .
880 1508 886 1520 .
912 1508 917 1520 .
948 1456 1103 1540 redepem't
1124 1455 1268 1536 effertur,
1291 1457 1346 1520 vix

215 1559 436 1641 dubitabimus,
458 1561 618 1627 lenissima
639 1563 818 1627 coniectura
838 1585 908 1626 cum
922 1561 1103 1648 Ruhkopfio
1118 1583 1175 1648 pro
1192 1584 1223 1627 v.
1238 1562 1307 1626 e'act
1330 1599 1344 1610 -

215 1668 326 1732 cimas
349 1667 539 1759 substituere
561 1670 768 1734 iactabimur.
835 1666 844 1678 “

282 1776 307 1856 ε)
330 1772 402 1837 Fut.
419 1783 564 1838 exactum
580 1775 722 1862 scriptor,
745 1783 781 1839 ut
796 1774 874 1839 dua-s
890 1797 939 1839 res
956 1773 1066 1839 eodem
1081 1783 1223 1860 tempore
1238 1774 1346 1839 futuro

216 1879 370 1965 perfectas
398 1878 541 1960 denotet,
570 1890 602 1945 et
629 1881 660 1945 in
685 1890 763 1946 sent.
787 1904 847 1946 sec.
872 1890 904 1946 et
930 1881 963 1945 in
990 1882 1079 1968 prim.
1101 1881 1210 1967 posuit
1237 1879 1278 1945 de
1302 1881 1348 1944 ira

214 1984 279 2066 HI,
303 1989 353 2066 32,
379 1989 413 2067 1;
442 1986 482 2051 de
505 1987 575 2052 ben.
598 1986 662 2067 III,
686 1988 737 2068 26,
762 1992 796 2068 2,
823 1986 887 2067 VI,
911 1992 961 2068 33,
986 1991 1020 2068 2;
1043 2011 1073 2052 n.
1096 2004 1147 2072 qu.
1169 1986 1234 2067 IV,
1259 1991 1288 2067 3,
1314 1977 1347 2067 13

216 2092 255 2158 ad
278 2093 346 2158 Pol.
370 2097 400 2174 2,
425 2096 459 2174 1;
486 2093 526 2157 de
549 2102 671 2179 tranqu.
694 2117 720 2158 a
746 2097 775 2173 3,
798 2094 817 2157 6
824 2117 833 2174 3
860 2094 893 2157 in
924 2093 1046 2158 duabus
1073 2101 1177 2157 autem
1190 2178 1192 2182 Ι
1206 2091 1347 2179 periodis

216 2200 372 2264 sententia
395 2201 535 2285 cognatis
562 2207 705 2286 tempora
730 2200 776 2263 ita
797 2199 932 2263 variavit
958 2207 994 2262 ut
1022 2200 1054 2262 in
1078 2199 1175 2263 altera
1196 2197 1347 2279 futurum,

217 2307 250 2370 in
273 2307 370 2371 altera
392 2306 448 2371 fut.
472 2329 520 2370 ex.
544 2306 638 2371 etiam
661 2304 802 2371 eiusdem
825 2305 913 2370 verbi
936 2305 1124 2382 admitteret,
1147 2303 1187 2369 de
1210 2304 1282 2370 ben.
1303 2305 1348 2386 V,

218 2416 310 2493 19,1
347 2413 386 2477 Se·
413 2434 531 2497 aprum
560 2418 656 2476 tuem
679 2413 818 2493 coluere,
852 2412 913 2475 tete·
936 2411 1141 2495 beneficium·
1157 2411 1285 2493 dedero,
1319 2412 1350 2474 se'

216 2520 350 2584 domem
375 2525 467 2584 taem
490 2521 657 2583 ardentem
679 2517 858 2582 resbeeero
883 2569 889 2581 .
911 2568 917 2581 .
939 2569 961 2598 .,
987 2517 1181 2601 beneficium
1203 2517 1296 2582 dabo.

368 2626 408 2693 ’2.
452 2624 504 2689 De
532 2625 577 2689 eis
610 2623 773 2705 sententiis
801 2621 929 2703 condic,
957 2645 1037 2708 quae
1064 2623 1095 2686 in
1124 2622 1244 2709 protasi
1267 2624 1349 2688 coni.

216 2755 316 2817 praes.
351 2732 403 2797 vel
433 2731 577 2817 perfecti,
609 2731 641 2794 in
674 2728 805 2816 apodosi
837 2730 916 2792 coni.
949 2751 1049 2815 praes.
1081 2728 1213 2808 habent,
1249 2737 1349 2794 taceo

219 2838 368 2904 Ceterum
390 2838 467 2902 haec
489 2835 623 2901 dicenda
645 2843 731 2900 sunt:

322 2948 350 3027 a)
383 2951 457 3030 post
484 2944 562 3008 coni.
585 2963 685 3029 praes.
709 2950 812 3007 exstat
839 2942 872 3005 in
901 2949 979 3006 sent.
1002 2940 1091 3026 prim.
1114 2940 1194 3004 coni.
1216 2940 1351 3026 perfecti

216 3050 398 3138 potentialis
426 3048 465 3113 de
493 3057 592 3113 const.
616 3071 640 3113 s.
665 3052 693 3128 7,
717 3053 752 3130 23
779 3047 819 3113 de
846 3055 967 3133 tranqu.
991 3070 1017 3111 a
1042 3051 1070 3127 3,
1095 3050 1129 3126 53
1157 3068 1205 3132 ep.
1230 3049 1284 3128 90,
1309 3049 1349 3112 37

215 3166 248 3223 et
271 3157 354 3222 alibi.

321 3264 353 3346 b)
377 3263 467 3328 Coni.
494 3283 594 3349 praes.
616 3269 690 3347 post
712 3285 742 3347 p.
769 3261 800 3325 se'
827 3283 920 3345 quam
946 3260 1088 3347 proxime
1121 3258 1351 3344 significatione

216 3392 272 3434 sua
300 3368 447 3434 accedere
476 3366 517 3432 ad
544 3367 683 3431 futurum
710 3390 741 3452 p.
768 3368 800 3431 si
827 3367 1040 3447 subiunctum,
1072 3365 1273 3451 intellegatur
1310 3365 1351 3432 de

215 3477 285 3541 ben.
301 3475 365 3556 IV,
382 3478 410 3556 6,
432 3478 448 3540 1
470 3478 537 3539 et2
564 3475 602 3539 Se'
620 3496 732 3560 peuce
755 3475 830 3558 quis
854 3473 915 3537 aba*
936 3475 1087 3537 donasset
1107 3473 1232 3556 erepere,
1257 3493 1348 3537 eece-

212 3583 302 3667 pe'sse
326 3588 354 3646 te
377 3582 496 3647 diceres
521 3581 738 3664 beneficium.
760 3631 766 3644 .
788 3631 794 3644 .
814 3619 854 3626 —
881 3579 920 3643 Se'
938 3581 1119 3671 pecaniam
1141 3579 1202 3642 te'be'
1224 3580 1352 3663 aliquis

216 3691 386 3754 donaverit
410 3740 416 3753 .
444 3741 450 3754 .
476 3740 482 3753 .
495 3740 504 3771 ,
529 3688 723 3771 beneficium
746 3687 874 3750 vocabis
899 3737 905 3749 .
931 3738 937 3750 .
963 3738 969 3750 .
1006 3725 1047 3732 —
1082 3685 1122 3750 a·
1148 3686 1266 3749 demus·
1290 3686 1352 3749 tibe'

217 3798 355 3862 donetur
380 3847 386 3860 .
412 3848 418 3860 .
444 3847 450 3860 .
477 3846 499 3877 .,
533 3815 601 3858 eoo
632 3795 789 3858 mediocre
819 3814 945 3856 murres
973 3793 1110 3857 docebis,
1157 3782 1351 3877 Inspiciatur

217 3903 312 3968 etiam
335 3900 375 3966 de
397 3901 468 3967 ben.
492 3901 536 3982 V,
561 3905 590 3981 3,
615 3905 643 3967 3.

323 4015 350 4093 o)
373 4008 486 4076 Multis
508 4009 587 4076 locis
604 4007 738 4097 scriptor
754 4005 954 4071 coniunctivo
969 4004 1144 4093 praesentis
1166 4003 1199 4068 in
1215 4001 1348 4090 apodosi
