2790 4538
268 791 316 899 Β.
379 792 444 901 De
479 790 742 929 particulis
776 790 834 901 in
869 790 1136 904 sententiis
1201 841 1203 845 ·

210 973 212 977 ·
526 944 875 1058 subordinatis.
1010 1010 1012 1015 <

646 1157 749 1166 1·—

130 1318 211 1418 §6.
245 1314 313 1398 De
344 1314 574 1424 particulis,
605 1342 713 1426 quae
744 1314 943 1425 leguntur
969 1314 1014 1396 in
1044 1318 1263 1400 sententiis

71 1452 84 1472 '
352 1454 448 1537 loeo
483 1453 846 1536 substantivorum
876 1453 1037 1562 positis.

290 1666 320 1732 1.
365 1665 417 1731 De
440 1689 471 1752 p.
495 1666 590 1751 qaod.

235 1772 264 1852 a)
287 1770 465 1836 Pronomen
479 1770 761 1836 demonstrativum
776 1778 831 1834 aut
846 1769 1078 1835 substantivum
1089 1771 1263 1837 sententiae

128 1874 294 1961 primariae
317 1877 495 1963 insequenti
518 1878 605 1962 quod
626 1876 807 1963 explicatur.

233 1982 265 2065 b)
288 1983 325 2047 P.
349 1985 436 2067 quod
461 1985 495 2049 in
523 1983 612 2047 initio
641 1981 865 2047 sententiarum
894 1989 956 2063 est,
984 1981 1023 2047 de
1047 1983 1161 2068 quibus
1185 1992 1263 2050 sent.

128 2087 275 2173 primaria
297 2089 449 2155 iudicium
471 2092 506 2155 fit
529 2098 561 2155 et
583 2090 681 2155 verbo
704 2086 839 2153 faciendi
862 2087 988 2174 quidem
1012 2111 1083 2153 eum
1106 2088 1263 2154 adieetivo

127 2193 305 2275 coniuncte,
327 2203 364 2260 ut
386 2193 433 2261 de'
449 2220 480 2262 v.
503 2197 533 2262 b.
558 2199 610 2276 20,
633 2197 662 2260 6.
697 2198 699 2201 ’

234 2305 261 2375 et
285 2301 495 2367 Lneutionum
510 2308 643 2368 nonest
659 2303 758 2387 6666,
783 2301 898 2366 tubere
920 2303 1014 2386 quaed,
1039 2323 1107 2384 eur,
1132 2309 1180 2367 est
1194 2325 1262 2387 ear,

127 2428 242 2492 quare,
271 2406 356 2472 illam
387 2409 519 2494 primam
546 2415 671 2496 praeter
698 2415 827 2487 ceteras,
850 2429 928 2492 quas
956 2407 1114 2472 rarissime
1137 2407 1264 2474 admisit

127 2512 176 2594 (af.
200 2511 240 2577 de
263 2534 353 2600 prov.
377 2516 407 2595 6,
432 2517 466 2594 3;
489 2512 529 2579 de
552 2523 674 2600 tranqu.
696 2536 723 2578 a.
749 2516 777 2595 9,
802 2515 836 2593 6;
860 2512 900 2578 de
924 2535 953 2577 v.
969 2513 998 2577 b.
1024 2516 1075 2594 13·,
1101 2516 1135 2594 13
1158 2512 1198 2579 de
1222 2523 1264 2580 ot.

127 2620 157 2699 6,
173 2623 215 2702 4),
237 2626 302 2683 tam
325 2619 418 2684 vaide
441 2619 613 2701 adamasse,
635 2629 672 2684 ut
693 2642 793 2706 paene
811 2619 986 2684 molestiam
1001 2619 1093 2684 nobis
1109 2629 1264 2707 aspergat,

126 2725 189 2789 iam
205 2711 371 2790 'Rausehn
387 2729 427 2811 (p.
442 2726 494 2808 A.)
518 2727 670 2813 exemplis
694 2725 898 2791 confirmavit.
935 2724 1092 2811 Inspicias
1108 2724 1148 2791 de
1164 2735 1263 2793 const.

127 2854 151 2896 s.
175 2854 224 2918 ep.
248 2834 278 2912 6,
300 2832 355 2900 ubi
378 2831 456 2897 11166
479 2855 548 2898 aare
571 2834 727 2918 estquod
747 2838 859 2916 quater
880 2832 968 2918 legis.

234 2936 266 3022 6)
289 2937 401 3006 Verbo
425 2937 582 3003 adiciendi
604 2956 675 3002 enm
697 2961 728 3024 p.
745 2939 832 3024 quod
854 2945 886 3002 et
908 2937 1094 3024 imperativo
1117 2962 1175 3028 pro
1195 2942 1264 3007 vul-

125 3045 194 3130 gari
218 3046 348 3127 6666661,
373 3046 459 3130 quod
481 3045 564 3109 hune
587 3045 771 3131 seriptorem
793 3043 1046 3130 frequentissime
1070 3068 1162 3111 usum
1185 3069 1264 3127 esse,

127 3148 251 3216 videbis
275 3173 315 3215 ex
338 3151 387 3231 iis,
410 3173 489 3237 quae
510 3150 668 3216 Rausehn.
684 3149 767 3215 dixit
782 3155 822 3237 (p.
840 3153 901 3233 10).
940 3151 1066 3230 Quibus
1082 3150 1264 3218 addendum

127 3264 191 3336 est,
224 3254 377 3321 Senecam
400 3255 441 3321 ad
464 3257 635 3322 sententias
664 3257 878 3345 superioribus
901 3255 1112 3323 adnectendas
1136 3259 1263 3324 omnino

126 3362 259 3428 verbum
281 3361 451 3428 accedendi
475 3385 545 3427 eum
560 3387 590 3450 p.
607 3365 694 3449 qaod
714 3386 777 3428 666
797 3362 988 3445 admississe,
1010 3364 1071 3428 nisi
1087 3387 1117 3428 6.
1133 3386 1183 3450 qu.
1200 3364 1263 3446 VI,

128 3472 180 3549 18,
203 3471 222 3532 6
254 3469 445 3534 6116666666
468 3476 498 3534 et
524 3471 609 3535 allud
631 3471 753 3535 aceedit
777 3522 783 3534 .
809 3521 816 3534 .
843 3521 849 3534 .
876 3471 978 3554 qued;
1009 3470 1185 3550 VII,7,1
1211 3472 1263 3535 his

127 3576 250 3641 aceedit
262 3575 349 3639 aliua
363 3596 498 3660 qaoque,
515 3577 617 3661 qu0d;
642 3574 683 3653 de
698 3576 745 3639 ira
763 3575 828 3656 III,
843 3578 874 3656 8,
891 3579 909 3640 3
926 3575 1134 3658 6666661666,
1158 3578 1261 3662 6666,

126 3680 239 3746 ceteris
263 3689 368 3745 autem
390 3681 468 3746 loeis
491 3704 558 3746 rem
580 3681 625 3745 ita
642 3681 834 3762 instituisse,
856 3689 893 3745 ut
914 3689 969 3745 aut
992 3681 1191 3746 substantiva
1214 3683 1262 3766 (ef.

127 3786 168 3851 66
183 3786 229 3852 M.
246 3785 286 3852 de
308 3810 333 3853 6.
356 3791 436 3868 3,1;
460 3809 507 3874 ep.
525 3789 576 3867 31,
593 3790 628 3867 8;
653 3790 801 3868 115,12;
824 3785 864 3851 66
880 3786 950 3851 ben.
975 3786 1056 3868 VH,
1080 3788 1131 3868 26,
1156 3792 1185 3871 5)
1209 3797 1263 3853 aut

127 3915 228 3958 aeeus.
251 3916 322 3957 eum
344 3893 398 3958 inf.
422 3893 471 3978 (ef.
486 3916 516 3958 n.
535 3916 587 3979 qu.
609 3892 637 3974 Ι,
660 3897 691 3974 4,
716 3897 745 3978 1)
770 3901 825 3958 aut
847 3894 1004 3958 sententia
1025 3893 1172 3980 primaria
1194 3894 1262 3959 eine

128 3999 191 4067 ullo
208 3999 334 4067 vinculo
357 3998 465 4066 addita
480 4000 611 4068 verbum
634 3998 804 4067 accedendi
823 4007 979 4088 sequatur,
1002 4008 1038 4064 ut
1053 4022 1101 4089 ep.
1122 4002 1262 4081 110,16.
