<?xml version="1.0" encoding="UTF-8"?>
<!DOCTYPE html PUBLIC "-//W3C//DTD XHTML 1.0 Transitional//EN"
    "http://www.w3.org/TR/xhtml1/DTD/xhtml1-transitional.dtd">
<html xmlns="http://www.w3.org/1999/xhtml" xml:lang="en" lang="en">
 <head>
  <title>
</title>
<meta http-equiv="Content-Type" content="text/html;charset=utf-8" />
  <meta name='ocr-system' content='tesseract 3.04.00' />
  <meta name='ocr-capabilities' content='ocr_page ocr_carea ocr_par ocr_line ocrx_word'/>
</head>
<body>
  <div class='ocr_page' id='page_1' title='image "./deconfunctionum00reingoog_0013.png"; bbox 0 0 2790 4538; ppageno 0'>
   <div class='ocr_carea' id='block_1_1' title="bbox 665 125 705 190">
    <p class='ocr_par' dir='ltr' id='par_1_1' title="bbox 665 125 705 190">
     <span class='ocr_line' id='line_1_1' title="bbox 665 125 705 190; baseline 0.025 -1"><span class='ocrx_word' id='word_1_1' title='bbox 665 125 705 190; x_wconf 88' lang='grc'>10</span> 
     </span>
    </p>
   </div>
   <div class='ocr_carea' id='block_1_2' title="bbox 581 218 786 228">
    <p class='ocr_par' dir='ltr' id='par_1_2' title="bbox 581 218 786 228">
     <span class='ocr_line' id='line_1_2' title="bbox 581 218 786 228; baseline 0.01 -3"><span class='ocrx_word' id='word_1_2' title='bbox 581 218 786 228; x_wconf 80' lang='lat'>-——.—.</span> 
     </span>
    </p>
   </div>
   <div class='ocr_carea' id='block_1_3' title="bbox 291 450 1090 561">
    <p class='ocr_par' dir='ltr' id='par_1_3' title="bbox 291 450 1090 561">
     <span class='ocr_line' id='line_1_3' title="bbox 291 450 1090 561; baseline -0.003 -29"><span class='ocrx_word' id='word_1_3' title='bbox 291 457 313 555; x_wconf 62' lang='grc' dir='ltr'>ξ</span> <span class='ocrx_word' id='word_1_4' title='bbox 347 455 383 532; x_wconf 93' lang='grc'>2.</span> <span class='ocrx_word' id='word_1_5' title='bbox 447 450 512 534; x_wconf 90' lang='lat' dir='ltr'>De</span> <span class='ocrx_word' id='word_1_6' title='bbox 543 454 760 561; x_wconf 79' lang='lat' dir='ltr'>particulis</span> <span class='ocrx_word' id='word_1_7' title='bbox 792 453 1090 536; x_wconf 84' lang='lat' dir='ltr'>adversativis..</span> 
     </span>
    </p>
   </div>
   <div class='ocr_carea' id='block_1_4' title="bbox 230 690 1137 775">
    <p class='ocr_par' dir='ltr' id='par_1_4' title="bbox 230 690 1137 775">
     <span class='ocr_line' id='line_1_4' title="bbox 230 690 1137 775; baseline 0.002 -19"><span class='ocrx_word' id='word_1_8' title='bbox 230 690 255 757; x_wconf 93' lang='lat'>1.</span> <span class='ocrx_word' id='word_1_9' title='bbox 294 691 349 756; x_wconf 87' lang='lat' dir='ltr'>De</span> <span class='ocrx_word' id='word_1_10' title='bbox 373 691 577 775; x_wconf 74' lang='lat' dir='ltr'>particulis</span> <span class='ocrx_word' id='word_1_11' title='bbox 601 695 696 772; x_wconf 83' lang='lat' dir='ltr'>sed,</span> <span class='ocrx_word' id='word_1_12' title='bbox 721 693 784 773; x_wconf 81' lang='lat' dir='ltr'>at,</span> <span class='ocrx_word' id='word_1_13' title='bbox 811 709 933 773; x_wconf 79' lang='lat' dir='ltr'>vero,</span> <span class='ocrx_word' id='word_1_14' title='bbox 958 693 1137 758; x_wconf 83' lang='lat' dir='ltr'>autem.</span> 
     </span>
    </p>
   </div>
   <div class='ocr_carea' id='block_1_5' title="bbox 45 844 1258 4010">
    <p class='ocr_par' dir='ltr' id='par_1_5' title="bbox 120 844 1258 1123">
     <span class='ocr_line' id='line_1_5' title="bbox 226 844 1258 934; baseline -0.001 -21"><span class='ocrx_word' id='word_1_15' title='bbox 226 844 259 931; x_wconf 86' lang='lat' dir='ltr'>a)</span> <span class='ocrx_word' id='word_1_16' title='bbox 304 845 356 909; x_wconf 87' lang='lat' dir='ltr'>De</span> <span class='ocrx_word' id='word_1_17' title='bbox 379 868 416 910; x_wconf 89' lang='lat' dir='ltr'>eo</span> <span class='ocrx_word' id='word_1_18' title='bbox 444 869 504 911; x_wconf 90' lang='lat' dir='ltr'>usu</span> <span class='ocrx_word' id='word_1_19' title='bbox 526 846 636 912; x_wconf 91' lang='lat' dir='ltr'>harum</span> <span class='ocrx_word' id='word_1_20' title='bbox 659 870 782 928; x_wconf 88' lang='lat' dir='ltr'>vocum,</span> <span class='ocrx_word' id='word_1_21' title='bbox 805 871 867 934; x_wconf 91' lang='lat' dir='ltr'>quo</span> <span class='ocrx_word' id='word_1_22' title='bbox 895 847 975 912; x_wconf 86' lang='lat' dir='ltr'><strong>duae</strong></span> <span class='ocrx_word' id='word_1_23' title='bbox 999 848 1176 912; x_wconf 81' lang='lat' dir='ltr'>sententiae</span> <span class='ocrx_word' id='word_1_24' title='bbox 1201 848 1258 913; x_wconf 88' lang='lat' dir='ltr'>vel</span> 
     </span>
     <span class='ocr_line' id='line_1_6' title="bbox 120 951 1257 1040; baseline 0.005 -26"><span class='ocrx_word' id='word_1_25' title='bbox 120 951 264 1016; x_wconf 89' lang='lat' dir='ltr'>notiones</span> <span class='ocrx_word' id='word_1_26' title='bbox 280 952 436 1016; x_wconf 88' lang='lat' dir='ltr'>contraria</span> <span class='ocrx_word' id='word_1_27' title='bbox 450 952 570 1018; x_wconf 88' lang='lat' dir='ltr'>ratione</span> <span class='ocrx_word' id='word_1_28' title='bbox 586 963 745 1040; x_wconf 88' lang='lat' dir='ltr'>ponuntur</span> <span class='ocrx_word' id='word_1_29' title='bbox 759 955 842 1019; x_wconf 88' lang='lat' dir='ltr'>inter</span> <span class='ocrx_word' id='word_1_30' title='bbox 857 977 900 1035; x_wconf 89' lang='lat' dir='ltr'>se,</span> <span class='ocrx_word' id='word_1_31' title='bbox 914 954 992 1020; x_wconf 87' lang='lat' dir='ltr'>haec</span> <span class='ocrx_word' id='word_1_32' title='bbox 1008 976 1257 1020; x_wconf 89' lang='lat' dir='ltr'>commemorare</span> 
     </span>
     <span class='ocr_line' id='line_1_7' title="bbox 120 1057 275 1123; baseline 0.013 -2"><span class='ocrx_word' id='word_1_33' title='bbox 120 1057 196 1122; x_wconf 91' lang='lat' dir='ltr'>satis</span> <span class='ocrx_word' id='word_1_34' title='bbox 220 1058 275 1123; x_wconf 88' lang='lat' dir='ltr'>sit:</span> 
     </span>
    </p>

    <p class='ocr_par' dir='ltr' id='par_1_6' title="bbox 45 1163 1257 1992">
     <span class='ocr_line' id='line_1_8' title="bbox 186 1163 1256 1252; baseline 0.002 -23"><span class='ocrx_word' id='word_1_35' title='bbox 186 1167 217 1246; x_wconf 86' lang='grc'>9)</span> <span class='ocrx_word' id='word_1_36' title='bbox 240 1163 415 1230; x_wconf 87' lang='lat' dir='ltr'>Particulae</span> <span class='ocrx_word' id='word_1_37' title='bbox 443 1167 499 1230; x_wconf 85' lang='lat' dir='ltr'>sed</span> <span class='ocrx_word' id='word_1_38' title='bbox 520 1165 595 1230; x_wconf 90' lang='lat' dir='ltr'>talia</span> <span class='ocrx_word' id='word_1_39' title='bbox 618 1165 760 1251; x_wconf 86' lang='lat' dir='ltr'>exempla</span> <span class='ocrx_word' id='word_1_40' title='bbox 789 1166 899 1246; x_wconf 84' lang='lat' dir='ltr'>affero,</span> <span class='ocrx_word' id='word_1_41' title='bbox 926 1167 959 1230; x_wconf 91' lang='lat' dir='ltr'>in</span> <span class='ocrx_word' id='word_1_42' title='bbox 982 1166 1096 1252; x_wconf 91' lang='lat' dir='ltr'>quibus</span> <span class='ocrx_word' id='word_1_43' title='bbox 1119 1166 1199 1230; x_wconf 90' lang='lat' dir='ltr'>haec</span> <span class='ocrx_word' id='word_1_44' title='bbox 1224 1189 1256 1231; x_wconf 93' lang='lat' dir='ltr'>v.</span> 
     </span>
     <span class='ocr_line' id='line_1_9' title="bbox 119 1269 1256 1359; baseline 0.003 -27"><span class='ocrx_word' id='word_1_45' title='bbox 119 1291 175 1354; x_wconf 87' lang='lat' dir='ltr'>per</span> <span class='ocrx_word' id='word_1_46' title='bbox 202 1269 390 1355; x_wconf 82' lang='lat' dir='ltr'>anaphoram</span> <span class='ocrx_word' id='word_1_47' title='bbox 418 1273 583 1359; x_wconf 88' lang='lat' dir='ltr'>repetitur,</span> <span class='ocrx_word' id='word_1_48' title='bbox 616 1270 702 1357; x_wconf 91' lang='lat' dir='ltr'>quod</span> <span class='ocrx_word' id='word_1_49' title='bbox 733 1294 795 1336; x_wconf 90' lang='lat' dir='ltr'>non</span> <span class='ocrx_word' id='word_1_50' title='bbox 829 1273 929 1337; x_wconf 87' lang='lat' dir='ltr'>solum</span> <span class='ocrx_word' id='word_1_51' title='bbox 961 1280 1035 1359; x_wconf 85' lang='lat' dir='ltr'>post</span> <span class='ocrx_word' id='word_1_52' title='bbox 1063 1273 1256 1337; x_wconf 78' lang='lat' dir='ltr'>sententiam</span> 
     </span>
     <span class='ocr_line' id='line_1_10' title="bbox 118 1377 1257 1463; baseline 0.006 -26"><span class='ocrx_word' id='word_1_53' title='bbox 118 1383 284 1459; x_wconf 83' lang='lat' dir='ltr'>negantem</span> <span class='ocrx_word' id='word_1_54' title='bbox 307 1377 355 1458; x_wconf 90' lang='lat' dir='ltr'>fit,</span> <span class='ocrx_word' id='word_1_55' title='bbox 386 1387 420 1443; x_wconf 90' lang='lat' dir='ltr'>ut</span> <span class='ocrx_word' id='word_1_56' title='bbox 442 1379 482 1444; x_wconf 92' lang='lat' dir='ltr'>de</span> <span class='ocrx_word' id='word_1_57' title='bbox 505 1381 551 1443; x_wconf 91' lang='lat' dir='ltr'>ira</span> <span class='ocrx_word' id='word_1_58' title='bbox 577 1377 642 1459; x_wconf 85' lang='lat' dir='ltr'><strong>III,</strong></span> <span class='ocrx_word' id='word_1_59' title='bbox 665 1382 759 1459; x_wconf 88' lang='grc'>43,4</span> <span class='ocrx_word' id='word_1_60' title='bbox 785 1382 859 1444; x_wconf 82' lang='lat' dir='ltr'>uolo</span> <span class='ocrx_word' id='word_1_61' title='bbox 886 1380 1257 1463; x_wconf 76' lang='grc'>911999999191999,9991</span> 
     </span>
     <span class='ocr_line' id='line_1_11' title="bbox 45 1482 1255 1570; baseline 0.002 -25"><span class='ocrx_word' id='word_1_62' title='bbox 45 1506 49 1511; x_wconf 88' lang='lat'>·</span> <span class='ocrx_word' id='word_1_63' title='bbox 119 1482 229 1564; x_wconf 79' lang='grc'>9991119,</span> <span class='ocrx_word' id='word_1_64' title='bbox 252 1485 528 1567; x_wconf 75' lang='grc'>9911999991199,</span> <span class='ocrx_word' id='word_1_65' title='bbox 556 1487 754 1550; x_wconf 75' lang='grc'>9911199999</span> <span class='ocrx_word' id='word_1_66' title='bbox 778 1487 927 1570; x_wconf 69' lang='lat' dir='ltr'>officere,</span> <span class='ocrx_word' id='word_1_67' title='bbox 957 1484 997 1549; x_wconf 89' lang='lat' dir='ltr'>de</span> <span class='ocrx_word' id='word_1_68' title='bbox 1020 1485 1066 1548; x_wconf 92' lang='lat' dir='ltr'>ira</span> <span class='ocrx_word' id='word_1_69' title='bbox 1088 1482 1115 1563; x_wconf 99' lang='grc' dir='ltr'>Ι,</span> <span class='ocrx_word' id='word_1_70' title='bbox 1140 1486 1192 1564; x_wconf 93' lang='grc'>12,</span> <span class='ocrx_word' id='word_1_71' title='bbox 1220 1487 1255 1565; x_wconf 88' lang='grc'>1;</span> 
     </span>
     <span class='ocr_line' id='line_1_12' title="bbox 121 1585 1255 1676; baseline 0.003 -26"><span class='ocrx_word' id='word_1_72' title='bbox 121 1585 185 1667; x_wconf 92' lang='grc' dir='ltr'>ΙΠ,</span> <span class='ocrx_word' id='word_1_73' title='bbox 202 1591 253 1670; x_wconf 86' lang='grc'>26,</span> <span class='ocrx_word' id='word_1_74' title='bbox 271 1592 289 1652; x_wconf 89' lang='grc'>5</span> <span class='ocrx_word' id='word_1_75' title='bbox 314 1597 346 1654; x_wconf 87' lang='grc'>91</span> <span class='ocrx_word' id='word_1_76' title='bbox 368 1590 451 1669; x_wconf 89' lang='lat' dir='ltr'>alibi,</span> <span class='ocrx_word' id='word_1_77' title='bbox 474 1588 531 1654; x_wconf 90' lang='lat' dir='ltr'>sed</span> <span class='ocrx_word' id='word_1_78' title='bbox 554 1591 649 1654; x_wconf 87' lang='lat' dir='ltr'>etiam</span> <span class='ocrx_word' id='word_1_79' title='bbox 670 1599 744 1676; x_wconf 89' lang='lat' dir='ltr'>post</span> <span class='ocrx_word' id='word_1_80' title='bbox 766 1592 910 1671; x_wconf 86' lang='lat' dir='ltr'>aientem,</span> <span class='ocrx_word' id='word_1_81' title='bbox 933 1591 1021 1655; x_wconf 83' lang='lat' dir='ltr'>velut</span> <span class='ocrx_word' id='word_1_82' title='bbox 1044 1589 1084 1655; x_wconf 91' lang='lat' dir='ltr'>de</span> <span class='ocrx_word' id='word_1_83' title='bbox 1099 1590 1170 1655; x_wconf 89' lang='lat' dir='ltr'>ben.</span> <span class='ocrx_word' id='word_1_84' title='bbox 1186 1590 1255 1673; x_wconf 88' lang='grc' dir='ltr'>ΙΠ,</span> 
     </span>
     <span class='ocr_line' id='line_1_13' title="bbox 122 1695 1254 1780; baseline 0.003 -23"><span class='ocrx_word' id='word_1_85' title='bbox 122 1696 193 1773; x_wconf 89' lang='grc'>8,4</span> <span class='ocrx_word' id='word_1_86' title='bbox 220 1695 309 1758; x_wconf 81' lang='lat' dir='ltr'>dedit</span> <span class='ocrx_word' id='word_1_87' title='bbox 335 1696 387 1759; x_wconf 83' lang='lat' dir='ltr'>he&#39;e</span> <span class='ocrx_word' id='word_1_88' title='bbox 413 1696 499 1760; x_wconf 82' lang='grc'>991191</span> <span class='ocrx_word' id='word_1_89' title='bbox 527 1697 734 1780; x_wconf 69' lang='lat' dir='ltr'>heneficium,</span> <span class='ocrx_word' id='word_1_90' title='bbox 767 1699 823 1761; x_wconf 85' lang='lat' dir='ltr'>sed</span> <span class='ocrx_word' id='word_1_91' title='bbox 848 1718 917 1761; x_wconf 83' lang='grc'>999</span> <span class='ocrx_word' id='word_1_92' title='bbox 945 1697 1092 1777; x_wconf 78' lang='lat' dir='ltr'>libenter,</span> <span class='ocrx_word' id='word_1_93' title='bbox 1120 1697 1177 1760; x_wconf 84' lang='lat' dir='ltr'>sed</span> <span class='ocrx_word' id='word_1_94' title='bbox 1199 1748 1206 1760; x_wconf 88' lang='lat'><strong>.</strong></span> <span class='ocrx_word' id='word_1_95' title='bbox 1229 1749 1254 1780; x_wconf 92' lang='lat'>.,</span> 
     </span>
     <span class='ocr_line' id='line_1_14' title="bbox 118 1800 1255 1882; baseline 0.003 -19"><span class='ocrx_word' id='word_1_96' title='bbox 118 1801 197 1866; x_wconf 84' lang='grc'>9991.</span> <span class='ocrx_word' id='word_1_97' title='bbox 218 1850 240 1881; x_wconf 93' lang='grc'>.,</span> <span class='ocrx_word' id='word_1_98' title='bbox 263 1803 341 1866; x_wconf 81' lang='lat' dir='ltr'>sed.</span> <span class='ocrx_word' id='word_1_99' title='bbox 363 1828 389 1881; x_wconf 88' lang='lat'>.,·</span> <span class='ocrx_word' id='word_1_100' title='bbox 413 1800 453 1865; x_wconf 90' lang='lat' dir='ltr'>de</span> <span class='ocrx_word' id='word_1_101' title='bbox 476 1803 546 1866; x_wconf 88' lang='lat' dir='ltr'>ben.</span> <span class='ocrx_word' id='word_1_102' title='bbox 569 1800 596 1882; x_wconf 94' lang='grc' dir='ltr'>Ι,</span> <span class='ocrx_word' id='word_1_103' title='bbox 621 1804 701 1882; x_wconf 77' lang='lat'><strong>7,3;</strong></span> <span class='ocrx_word' id='word_1_104' title='bbox 723 1806 773 1882; x_wconf 85' lang='lat'>14,</span> <span class='ocrx_word' id='word_1_105' title='bbox 798 1807 832 1882; x_wconf 78' lang='lat'>33</span> <span class='ocrx_word' id='word_1_106' title='bbox 852 1802 898 1882; x_wconf 91' lang='grc' dir='ltr'>Π,</span> <span class='ocrx_word' id='word_1_107' title='bbox 920 1804 971 1881; x_wconf 90' lang='grc'>26,</span> <span class='ocrx_word' id='word_1_108' title='bbox 995 1805 1029 1882; x_wconf 72' lang='grc'>2,</span> <span class='ocrx_word' id='word_1_109' title='bbox 1054 1804 1106 1882; x_wconf 90' lang='grc'>28,</span> <span class='ocrx_word' id='word_1_110' title='bbox 1131 1804 1164 1880; x_wconf 85' lang='grc'>1;</span> <span class='ocrx_word' id='word_1_111' title='bbox 1187 1801 1255 1882; x_wconf 82' lang='lat' dir='ltr'>VI,</span> 
     </span>
     <span class='ocr_line' id='line_1_15' title="bbox 119 1906 679 1992; baseline 0 -22"><span class='ocrx_word' id='word_1_112' title='bbox 119 1909 171 1986; x_wconf 87' lang='grc'>42,</span> <span class='ocrx_word' id='word_1_113' title='bbox 196 1911 214 1971; x_wconf 89' lang='grc'>2</span> <span class='ocrx_word' id='word_1_114' title='bbox 239 1906 279 1971; x_wconf 90' lang='lat' dir='ltr'>de</span> <span class='ocrx_word' id='word_1_115' title='bbox 302 1916 400 1971; x_wconf 89' lang='lat' dir='ltr'>const.</span> <span class='ocrx_word' id='word_1_116' title='bbox 424 1929 448 1971; x_wconf 91' lang='grc'>9.</span> <span class='ocrx_word' id='word_1_117' title='bbox 474 1910 524 1987; x_wconf 90' lang='grc'>13,</span> <span class='ocrx_word' id='word_1_118' title='bbox 547 1910 576 1971; x_wconf 89' lang='grc'>4.</span> <span class='ocrx_word' id='word_1_119' title='bbox 677 1986 679 1992; x_wconf 28' lang='grc' dir='ltr'>Ι</span> 
     </span>
    </p>

    <p class='ocr_par' dir='ltr' id='par_1_7' title="bbox 118 2013 1257 2844">
     <span class='ocr_line' id='line_1_16' title="bbox 185 2013 1255 2101; baseline 0.002 -25"><span class='ocrx_word' id='word_1_120' title='bbox 185 2013 429 2100; x_wconf 69' lang='grc' dir='ltr'>β1Ρ91119919111</span> <span class='ocrx_word' id='word_1_121' title='bbox 456 2020 504 2096; x_wconf 87' lang='grc'>91,</span> <span class='ocrx_word' id='word_1_122' title='bbox 534 2021 567 2078; x_wconf 87' lang='grc'>91</span> <span class='ocrx_word' id='word_1_123' title='bbox 592 2015 693 2100; x_wconf 89' lang='lat' dir='ltr'>ipsam</span> <span class='ocrx_word' id='word_1_124' title='bbox 719 2037 776 2101; x_wconf 93' lang='lat' dir='ltr'>per</span> <span class='ocrx_word' id='word_1_125' title='bbox 799 2013 988 2100; x_wconf 85' lang='lat' dir='ltr'>anaphoram</span> <span class='ocrx_word' id='word_1_126' title='bbox 1013 2013 1122 2099; x_wconf 87' lang='lat' dir='ltr'>posuit</span> <span class='ocrx_word' id='word_1_127' title='bbox 1145 2015 1255 2094; x_wconf 88' lang='lat' dir='ltr'>semel,</span> 
     </span>
     <span class='ocr_line' id='line_1_17' title="bbox 119 2117 1255 2206; baseline -0.003 -22"><span class='ocrx_word' id='word_1_128' title='bbox 119 2119 160 2184; x_wconf 93' lang='lat' dir='ltr'>de</span> <span class='ocrx_word' id='word_1_129' title='bbox 182 2120 252 2184; x_wconf 91' lang='lat' dir='ltr'>ben.</span> <span class='ocrx_word' id='word_1_130' title='bbox 276 2118 341 2199; x_wconf 88' lang='lat' dir='ltr'>IV,</span> <span class='ocrx_word' id='word_1_131' title='bbox 366 2123 417 2199; x_wconf 83' lang='lat'>34,</span> <span class='ocrx_word' id='word_1_132' title='bbox 441 2123 476 2200; x_wconf 79' lang='lat'>23</span> <span class='ocrx_word' id='word_1_133' title='bbox 508 2130 582 2206; x_wconf 89' lang='lat' dir='ltr'>post</span> <span class='ocrx_word' id='word_1_134' title='bbox 609 2143 719 2187; x_wconf 89' lang='lat' dir='ltr'>vocem</span> <span class='ocrx_word' id='word_1_135' title='bbox 750 2129 917 2206; x_wconf 86' lang='lat' dir='ltr'>negantem</span> <span class='ocrx_word' id='word_1_136' title='bbox 943 2120 1022 2204; x_wconf 88' lang='lat' dir='ltr'>legis</span> <span class='ocrx_word' id='word_1_137' title='bbox 1050 2117 1090 2183; x_wconf 90' lang='lat' dir='ltr'>de</span> <span class='ocrx_word' id='word_1_138' title='bbox 1118 2118 1165 2181; x_wconf 92' lang='lat' dir='ltr'>ira</span> <span class='ocrx_word' id='word_1_139' title='bbox 1188 2117 1255 2199; x_wconf 93' lang='grc' dir='ltr'>ΙΠ,</span> 
     </span>
     <span class='ocr_line' id='line_1_18' title="bbox 120 2226 1256 2315; baseline -0.001 -25"><span class='ocrx_word' id='word_1_140' title='bbox 120 2229 172 2306; x_wconf 89' lang='grc'>41,</span> <span class='ocrx_word' id='word_1_141' title='bbox 191 2230 209 2291; x_wconf 90' lang='lat'><strong>3</strong></span> <span class='ocrx_word' id='word_1_142' title='bbox 216 2249 224 2305; x_wconf 91' lang='lat'>;</span> <span class='ocrx_word' id='word_1_143' title='bbox 247 2227 336 2290; x_wconf 77' lang='lat' dir='ltr'>nihil</span> <span class='ocrx_word' id='word_1_144' title='bbox 357 2247 428 2309; x_wconf 74' lang='lat' dir='ltr'>erpo</span> <span class='ocrx_word' id='word_1_145' title='bbox 451 2228 547 2292; x_wconf 83' lang='grc'>199591</span> <span class='ocrx_word' id='word_1_146' title='bbox 570 2279 576 2292; x_wconf 93' lang='grc'><strong>.</strong></span> <span class='ocrx_word' id='word_1_147' title='bbox 598 2279 631 2291; x_wconf 94' lang='grc'>..</span> <span class='ocrx_word' id='word_1_148' title='bbox 657 2228 738 2292; x_wconf 81' lang='lat' dir='ltr'>utile</span> <span class='ocrx_word' id='word_1_149' title='bbox 764 2279 797 2291; x_wconf 93' lang='lat'>..</span> <span class='ocrx_word' id='word_1_150' title='bbox 828 2232 864 2291; x_wconf 86' lang='grc'>91</span> <span class='ocrx_word' id='word_1_151' title='bbox 890 2227 1004 2291; x_wconf 65' lang='lat' dir='ltr'>omerio</span> <span class='ocrx_word' id='word_1_152' title='bbox 1024 2246 1062 2315; x_wconf 77' lang='lat' dir='ltr'>ea</span> <span class='ocrx_word' id='word_1_153' title='bbox 1085 2226 1256 2289; x_wconf 78' lang='grc'>9999119119</span> 
     </span>
     <span class='ocr_line' id='line_1_19' title="bbox 121 2328 1257 2411; baseline -0.002 -15"><span class='ocrx_word' id='word_1_154' title='bbox 121 2334 227 2411; x_wconf 86' lang='grc' dir='ltr'>99919,Ι</span> <span class='ocrx_word' id='word_1_155' title='bbox 253 2329 368 2395; x_wconf 89' lang='lat' dir='ltr'>deinde</span> <span class='ocrx_word' id='word_1_156' title='bbox 392 2354 454 2395; x_wconf 92' lang='lat' dir='ltr'>uno</span> <span class='ocrx_word' id='word_1_157' title='bbox 477 2332 547 2395; x_wconf 90' lang='lat' dir='ltr'>loco</span> <span class='ocrx_word' id='word_1_158' title='bbox 569 2332 600 2394; x_wconf 91' lang='lat' dir='ltr'>in</span> <span class='ocrx_word' id='word_1_159' title='bbox 624 2332 714 2397; x_wconf 89' lang='lat' dir='ltr'>initio</span> <span class='ocrx_word' id='word_1_160' title='bbox 736 2331 885 2396; x_wconf 89' lang='lat' dir='ltr'>orationis</span> <span class='ocrx_word' id='word_1_161' title='bbox 900 2329 1048 2411; x_wconf 87' lang='lat' dir='ltr'>directae,</span> <span class='ocrx_word' id='word_1_162' title='bbox 1071 2328 1111 2394; x_wconf 86' lang='lat' dir='ltr'>de</span> <span class='ocrx_word' id='word_1_163' title='bbox 1126 2330 1173 2393; x_wconf 90' lang='lat' dir='ltr'>ira</span> <span class='ocrx_word' id='word_1_164' title='bbox 1188 2329 1257 2411; x_wconf 91' lang='grc' dir='ltr'>ΙΙΙ,</span> 
     </span>
     <span class='ocr_line' id='line_1_20' title="bbox 120 2420 1256 2523; baseline 0.002 -23"><span class='ocrx_word' id='word_1_165' title='bbox 120 2441 171 2517; x_wconf 83' lang='lat'>23,</span> <span class='ocrx_word' id='word_1_166' title='bbox 196 2441 214 2501; x_wconf 86' lang='lat'><strong>3</strong></span> <span class='ocrx_word' id='word_1_167' title='bbox 248 2437 294 2501; x_wconf 80' lang='lat' dir='ltr'>At</span> <span class='ocrx_word' id='word_1_168' title='bbox 320 2459 390 2516; x_wconf 81' lang='grc'>999,</span> <span class='ocrx_word' id='word_1_169' title='bbox 418 2439 543 2523; x_wconf 78' lang='lat' dir='ltr'>iuquit,</span> <span class='ocrx_word' id='word_1_170' title='bbox 572 2420 669 2502; x_wconf 80' lang='grc'>991911</span> <span class='ocrx_word' id='word_1_171' title='bbox 697 2439 793 2522; x_wconf 68' lang='lat' dir='ltr'>legati</span> <span class='ocrx_word' id='word_1_172' title='bbox 818 2490 823 2502; x_wconf 94' lang='lat'><em>.</em></span> <span class='ocrx_word' id='word_1_173' title='bbox 845 2489 868 2519; x_wconf 88' lang='lat'>.,</span> <span class='ocrx_word' id='word_1_174' title='bbox 896 2438 942 2500; x_wconf 88' lang='lat' dir='ltr'>ita</span> <span class='ocrx_word' id='word_1_175' title='bbox 969 2446 1005 2499; x_wconf 92' lang='lat' dir='ltr'>ut</span> <span class='ocrx_word' id='word_1_176' title='bbox 1032 2459 1072 2500; x_wconf 86' lang='lat' dir='ltr'>ex</span> <span class='ocrx_word' id='word_1_177' title='bbox 1099 2436 1256 2522; x_wconf 83' lang='lat' dir='ltr'>proximis</span> 
     </span>
     <span class='ocr_line' id='line_1_21' title="bbox 118 2540 1256 2632; baseline 0.002 -26"><span class='ocrx_word' id='word_1_178' title='bbox 118 2542 209 2607; x_wconf 86' lang='lat' dir='ltr'>facile</span> <span class='ocrx_word' id='word_1_179' title='bbox 233 2552 367 2624; x_wconf 89' lang='lat' dir='ltr'>eruatur,</span> <span class='ocrx_word' id='word_1_180' title='bbox 391 2545 441 2608; x_wconf 89' lang='lat' dir='ltr'>cui</span> <span class='ocrx_word' id='word_1_181' title='bbox 464 2543 542 2609; x_wconf 90' lang='lat' dir='ltr'>illud</span> <span class='ocrx_word' id='word_1_182' title='bbox 564 2565 620 2608; x_wconf 84' lang='grc'>999</span> <span class='ocrx_word' id='word_1_183' title='bbox 643 2553 834 2632; x_wconf 72' lang='lat' dir='ltr'>opponatur,</span> <span class='ocrx_word' id='word_1_184' title='bbox 862 2543 997 2627; x_wconf 89' lang='lat' dir='ltr'>denique</span> <span class='ocrx_word' id='word_1_185' title='bbox 1021 2540 1132 2607; x_wconf 89' lang='lat' dir='ltr'>eodem</span> <span class='ocrx_word' id='word_1_186' title='bbox 1155 2543 1256 2608; x_wconf 89' lang='lat' dir='ltr'>modo</span> 
     </span>
     <span class='ocr_line' id='line_1_22' title="bbox 119 2645 1256 2741; baseline 0.002 -29"><span class='ocrx_word' id='word_1_187' title='bbox 119 2671 155 2741; x_wconf 86' lang='lat' dir='ltr'>ac</span> <span class='ocrx_word' id='word_1_188' title='bbox 182 2652 237 2714; x_wconf 85' lang='lat' dir='ltr'>sed</span> <span class='ocrx_word' id='word_1_189' title='bbox 269 2645 342 2732; x_wconf 85' lang='lat' dir='ltr'>(lud.</span> <span class='ocrx_word' id='word_1_190' title='bbox 368 2655 396 2732; x_wconf 88' lang='lat'>3,</span> <span class='ocrx_word' id='word_1_191' title='bbox 420 2655 450 2734; x_wconf 89' lang='grc'>2)</span> <span class='ocrx_word' id='word_1_192' title='bbox 480 2652 512 2714; x_wconf 92' lang='lat' dir='ltr'>in</span> <span class='ocrx_word' id='word_1_193' title='bbox 539 2650 715 2714; x_wconf 85' lang='lat' dir='ltr'>narratione</span> <span class='ocrx_word' id='word_1_194' title='bbox 748 2648 787 2714; x_wconf 93' lang='lat' dir='ltr'>ad</span> <span class='ocrx_word' id='word_1_195' title='bbox 820 2648 1032 2713; x_wconf 91' lang='lat' dir='ltr'>inducendum</span> <span class='ocrx_word' id='word_1_196' title='bbox 1064 2670 1256 2733; x_wconf 88' lang='lat' dir='ltr'>responsum</span> 
     </span>
     <span class='ocr_line' id='line_1_23' title="bbox 120 2754 1020 2844; baseline -0.006 -22"><span class='ocrx_word' id='word_1_197' title='bbox 120 2779 167 2844; x_wconf 92' lang='lat' dir='ltr'>ep.</span> <span class='ocrx_word' id='word_1_198' title='bbox 193 2760 243 2837; x_wconf 91' lang='grc'>12,</span> <span class='ocrx_word' id='word_1_199' title='bbox 269 2761 287 2822; x_wconf 91' lang='grc'><strong>3</strong></span> <span class='ocrx_word' id='word_1_200' title='bbox 311 2756 357 2820; x_wconf 79' lang='lat' dir='ltr'>At</span> <span class='ocrx_word' id='word_1_201' title='bbox 377 2758 431 2821; x_wconf 84' lang='grc'>1119</span> <span class='ocrx_word' id='word_1_202' title='bbox 456 2809 462 2822; x_wconf 91' lang='grc'><strong>.</strong></span> <span class='ocrx_word' id='word_1_203' title='bbox 484 2809 490 2822; x_wconf 96' lang='grc'><strong>.</strong></span> <span class='ocrx_word' id='word_1_204' title='bbox 511 2809 517 2821; x_wconf 91' lang='grc'><strong>.</strong></span> <span class='ocrx_word' id='word_1_205' title='bbox 542 2757 671 2840; x_wconf 67' lang='lat' dir='ltr'>inquit·</span> <span class='ocrx_word' id='word_1_206' title='bbox 697 2754 737 2820; x_wconf 91' lang='lat' dir='ltr'>de</span> <span class='ocrx_word' id='word_1_207' title='bbox 760 2757 806 2819; x_wconf 89' lang='lat' dir='ltr'>ira</span> <span class='ocrx_word' id='word_1_208' title='bbox 827 2754 891 2835; x_wconf 93' lang='grc' dir='ltr'>ΙΠ,</span> <span class='ocrx_word' id='word_1_209' title='bbox 917 2757 967 2834; x_wconf 89' lang='grc'>14,</span> <span class='ocrx_word' id='word_1_210' title='bbox 992 2757 1020 2817; x_wconf 95' lang='grc'>2.</span> 
     </span>
    </p>

    <p class='ocr_par' dir='ltr' id='par_1_8' title="bbox 185 2858 1041 2950">
     <span class='ocr_line' id='line_1_24' title="bbox 185 2858 1041 2950; baseline -0.002 -25"><span class='ocrx_word' id='word_1_211' title='bbox 185 2866 213 2950; x_wconf 75' lang='lat' dir='ltr'>y)</span> <span class='ocrx_word' id='word_1_212' title='bbox 237 2862 288 2926; x_wconf 90' lang='lat' dir='ltr'>De</span> <span class='ocrx_word' id='word_1_213' title='bbox 311 2886 341 2948; x_wconf 90' lang='lat' dir='ltr'>p.</span> <span class='ocrx_word' id='word_1_214' title='bbox 365 2885 438 2929; x_wconf 82' lang='grc'>9919</span> <span class='ocrx_word' id='word_1_215' title='bbox 461 2885 524 2927; x_wconf 91' lang='lat' dir='ltr'>non</span> <span class='ocrx_word' id='word_1_216' title='bbox 547 2885 627 2947; x_wconf 88' lang='lat' dir='ltr'>opus</span> <span class='ocrx_word' id='word_1_217' title='bbox 651 2872 701 2926; x_wconf 89' lang='grc'>991</span> <span class='ocrx_word' id='word_1_218' title='bbox 723 2860 892 2947; x_wconf 92' lang='lat' dir='ltr'>quidquam</span> <span class='ocrx_word' id='word_1_219' title='bbox 915 2858 1041 2924; x_wconf 87' lang='lat' dir='ltr'>addere.</span> 
     </span>
    </p>

    <p class='ocr_par' dir='ltr' id='par_1_9' title="bbox 120 2967 1257 3478">
     <span class='ocr_line' id='line_1_25' title="bbox 186 2967 1255 3051; baseline -0.004 -15"><span class='ocrx_word' id='word_1_220' title='bbox 186 2972 215 3046; x_wconf 75' lang='lat' dir='ltr'>‹t›</span> <span class='ocrx_word' id='word_1_221' title='bbox 239 2968 430 3031; x_wconf 88' lang='lat' dir='ltr'>Particulam</span> <span class='ocrx_word' id='word_1_222' title='bbox 458 2975 568 3033; x_wconf 83' lang='grc'>991999</span> <span class='ocrx_word' id='word_1_223' title='bbox 596 2968 691 3031; x_wconf 89' lang='lat' dir='ltr'>etiam</span> <span class='ocrx_word' id='word_1_224' title='bbox 713 2967 785 3031; x_wconf 92' lang='lat' dir='ltr'>voci</span> <span class='ocrx_word' id='word_1_225' title='bbox 813 2972 844 3030; x_wconf 88' lang='lat' dir='ltr'>et</span> <span class='ocrx_word' id='word_1_226' title='bbox 872 2967 1035 3031; x_wconf 87' lang='lat' dir='ltr'>subiunxit</span> <span class='ocrx_word' id='word_1_227' title='bbox 1061 2987 1109 3051; x_wconf 91' lang='lat' dir='ltr'>ep.</span> <span class='ocrx_word' id='word_1_228' title='bbox 1134 2968 1185 3045; x_wconf 85' lang='lat'>58,</span> <span class='ocrx_word' id='word_1_229' title='bbox 1212 2970 1255 3032; x_wconf 86' lang='lat'>15</span> 
     </span>
     <span class='ocr_line' id='line_1_26' title="bbox 120 3072 1254 3158; baseline -0.004 -19"><span class='ocrx_word' id='word_1_230' title='bbox 120 3076 248 3140; x_wconf 82' lang='lat' dir='ltr'>ethaeo</span> <span class='ocrx_word' id='word_1_231' title='bbox 271 3079 390 3156; x_wconf 84' lang='grc'>991999,</span> <span class='ocrx_word' id='word_1_232' title='bbox 414 3096 496 3158; x_wconf 81' lang='lat' dir='ltr'>qaue</span> <span class='ocrx_word' id='word_1_233' title='bbox 518 3079 704 3155; x_wconf 82' lang='grc'>9999991,</span> <span class='ocrx_word' id='word_1_234' title='bbox 727 3094 839 3136; x_wconf 81' lang='lat' dir='ltr'>rerum</span> <span class='ocrx_word' id='word_1_235' title='bbox 862 3079 987 3137; x_wconf 83' lang='grc'>991999</span> <span class='ocrx_word' id='word_1_236' title='bbox 1010 3072 1254 3156; x_wconf 76' lang='lat' dir='ltr'>complectetur,-</span> 
     </span>
     <span class='ocr_line' id='line_1_27' title="bbox 122 3179 1257 3266; baseline -0.003 -19"><span class='ocrx_word' id='word_1_237' title='bbox 122 3186 172 3262; x_wconf 86' lang='grc'>92,</span> <span class='ocrx_word' id='word_1_238' title='bbox 191 3184 207 3245; x_wconf 96' lang='grc'>1</span> <span class='ocrx_word' id='word_1_239' title='bbox 216 3206 224 3261; x_wconf 89' lang='grc'><strong>;</strong></span> <span class='ocrx_word' id='word_1_240' title='bbox 247 3203 284 3244; x_wconf 90' lang='lat' dir='ltr'>ac</span> <span class='ocrx_word' id='word_1_241' title='bbox 298 3203 329 3246; x_wconf 86' lang='lat' dir='ltr'>v.</span> <span class='ocrx_word' id='word_1_242' title='bbox 345 3186 458 3245; x_wconf 82' lang='grc'>999119</span> <span class='ocrx_word' id='word_1_243' title='bbox 480 3180 657 3266; x_wconf 83' lang='lat' dir='ltr'>anteposita</span> <span class='ocrx_word' id='word_1_244' title='bbox 672 3179 737 3243; x_wconf 91' lang='lat' dir='ltr'>vim</span> <span class='ocrx_word' id='word_1_245' title='bbox 753 3179 820 3242; x_wconf 88' lang='lat' dir='ltr'>eius</span> <span class='ocrx_word' id='word_1_246' title='bbox 836 3179 924 3243; x_wconf 87' lang='lat' dir='ltr'>auxit</span> <span class='ocrx_word' id='word_1_247' title='bbox 940 3202 987 3264; x_wconf 90' lang='lat' dir='ltr'>ep.</span> <span class='ocrx_word' id='word_1_248' title='bbox 1005 3180 1056 3258; x_wconf 80' lang='grc'>87,</span> <span class='ocrx_word' id='word_1_249' title='bbox 1074 3181 1114 3242; x_wconf 87' lang='lat'>35</span> <span class='ocrx_word' id='word_1_250' title='bbox 1139 3185 1257 3244; x_wconf 79' lang='grc'>9999199</span> 
     </span>
     <span class='ocr_line' id='line_1_28' title="bbox 120 3284 1256 3371; baseline -0.004 -19"><span class='ocrx_word' id='word_1_251' title='bbox 120 3295 231 3353; x_wconf 81' lang='lat' dir='ltr'>autem</span> <span class='ocrx_word' id='word_1_252' title='bbox 261 3287 472 3351; x_wconf 74' lang='lat' dir='ltr'>insolentium</span> <span class='ocrx_word' id='word_1_253' title='bbox 500 3338 506 3350; x_wconf 92' lang='lat'><strong>.</strong></span> <span class='ocrx_word' id='word_1_254' title='bbox 531 3338 537 3350; x_wconf 92' lang='lat'><strong><em>.</em></strong></span> <span class='ocrx_word' id='word_1_255' title='bbox 564 3312 594 3365; x_wconf 92' lang='lat'>.,·</span> <span class='ocrx_word' id='word_1_256' title='bbox 628 3293 702 3371; x_wconf 88' lang='lat' dir='ltr'>post</span> <span class='ocrx_word' id='word_1_257' title='bbox 733 3293 899 3369; x_wconf 83' lang='lat' dir='ltr'>negantem</span> <span class='ocrx_word' id='word_1_258' title='bbox 931 3293 1036 3348; x_wconf 89' lang='lat' dir='ltr'>autem</span> <span class='ocrx_word' id='word_1_259' title='bbox 1065 3284 1256 3348; x_wconf 88' lang='lat' dir='ltr'>sententiam</span> 
     </span>
     <span class='ocr_line' id='line_1_29' title="bbox 121 3389 1089 3478; baseline -0.008 -19"><span class='ocrx_word' id='word_1_260' title='bbox 121 3393 232 3459; x_wconf 88' lang='lat' dir='ltr'>eodem</span> <span class='ocrx_word' id='word_1_261' title='bbox 254 3393 319 3458; x_wconf 87' lang='lat' dir='ltr'>fere</span> <span class='ocrx_word' id='word_1_262' title='bbox 343 3390 437 3457; x_wconf 93' lang='lat' dir='ltr'>modo</span> <span class='ocrx_word' id='word_1_263' title='bbox 460 3414 496 3456; x_wconf 84' lang='lat' dir='ltr'>ac</span> <span class='ocrx_word' id='word_1_264' title='bbox 518 3394 574 3456; x_wconf 84' lang='lat' dir='ltr'>sed</span> <span class='ocrx_word' id='word_1_265' title='bbox 595 3391 702 3478; x_wconf 88' lang='lat' dir='ltr'>posuit</span> <span class='ocrx_word' id='word_1_266' title='bbox 724 3390 763 3455; x_wconf 95' lang='lat' dir='ltr'>de</span> <span class='ocrx_word' id='word_1_267' title='bbox 786 3390 856 3455; x_wconf 90' lang='lat' dir='ltr'>ben.</span> <span class='ocrx_word' id='word_1_268' title='bbox 879 3389 961 3469; x_wconf 88' lang='lat' dir='ltr'>VH,</span> <span class='ocrx_word' id='word_1_269' title='bbox 986 3392 1037 3468; x_wconf 83' lang='lat'>20,</span> <span class='ocrx_word' id='word_1_270' title='bbox 1063 3392 1089 3452; x_wconf 94' lang='grc'>1.</span> 
     </span>
    </p>

    <p class='ocr_par' dir='ltr' id='par_1_10' title="bbox 229 3488 1059 3586">
     <span class='ocr_line' id='line_1_30' title="bbox 229 3488 1059 3586; baseline -0.013 -18"><span class='ocrx_word' id='word_1_271' title='bbox 229 3488 264 3586; x_wconf 79' lang='lat' dir='ltr'>h)</span> <span class='ocrx_word' id='word_1_272' title='bbox 311 3498 351 3562; x_wconf 91' lang='lat' dir='ltr'>In</span> <span class='ocrx_word' id='word_1_273' title='bbox 376 3498 542 3564; x_wconf 90' lang='lat' dir='ltr'>obicienda</span> <span class='ocrx_word' id='word_1_274' title='bbox 564 3499 668 3586; x_wconf 83' lang='lat' dir='ltr'>aliqua</span> <span class='ocrx_word' id='word_1_275' title='bbox 690 3520 724 3562; x_wconf 89' lang='grc'>19</span> <span class='ocrx_word' id='word_1_276' title='bbox 747 3496 890 3561; x_wconf 89' lang='lat' dir='ltr'>adhibuit</span> <span class='ocrx_word' id='word_1_277' title='bbox 912 3496 1059 3581; x_wconf 82' lang='lat' dir='ltr'>scriptor:</span> 
     </span>
    </p>

    <p class='ocr_par' dir='ltr' id='par_1_11' title="bbox 121 3600 1256 3904">
     <span class='ocr_line' id='line_1_31' title="bbox 187 3600 1255 3692; baseline -0.007 -19"><span class='ocrx_word' id='word_1_278' title='bbox 187 3612 219 3690; x_wconf 88' lang='grc' dir='ltr'>α)</span> <span class='ocrx_word' id='word_1_279' title='bbox 243 3606 425 3691; x_wconf 88' lang='lat' dir='ltr'>saepissime</span> <span class='ocrx_word' id='word_1_280' title='bbox 451 3612 501 3688; x_wconf 88' lang='lat' dir='ltr'>ot,</span> <span class='ocrx_word' id='word_1_281' title='bbox 530 3629 588 3692; x_wconf 92' lang='lat' dir='ltr'>pro</span> <span class='ocrx_word' id='word_1_282' title='bbox 617 3628 679 3692; x_wconf 92' lang='lat' dir='ltr'>quo</span> <span class='ocrx_word' id='word_1_283' title='bbox 707 3604 855 3669; x_wconf 83' lang='grc'>9199199</span> <span class='ocrx_word' id='word_1_284' title='bbox 883 3602 1010 3687; x_wconf 87' lang='lat' dir='ltr'>scripsit</span> <span class='ocrx_word' id='word_1_285' title='bbox 1032 3601 1121 3665; x_wconf 91' lang='lat' dir='ltr'>velut</span> <span class='ocrx_word' id='word_1_286' title='bbox 1143 3600 1183 3664; x_wconf 93' lang='lat' dir='ltr'>ad</span> <span class='ocrx_word' id='word_1_287' title='bbox 1207 3601 1255 3666; x_wconf 88' lang='lat' dir='ltr'>M.</span> 
     </span>
     <span class='ocr_line' id='line_1_32' title="bbox 121 3708 1256 3797; baseline -0.004 -21"><span class='ocrx_word' id='word_1_288' title='bbox 121 3712 161 3776; x_wconf 88' lang='lat' dir='ltr'>de</span> <span class='ocrx_word' id='word_1_289' title='bbox 185 3734 210 3776; x_wconf 92' lang='grc'>9.</span> <span class='ocrx_word' id='word_1_290' title='bbox 236 3715 264 3791; x_wconf 80' lang='grc'>7,</span> <span class='ocrx_word' id='word_1_291' title='bbox 289 3715 322 3792; x_wconf 89' lang='grc'>1;</span> <span class='ocrx_word' id='word_1_292' title='bbox 351 3734 399 3797; x_wconf 90' lang='lat' dir='ltr'>ep.</span> <span class='ocrx_word' id='word_1_293' title='bbox 425 3714 475 3793; x_wconf 85' lang='lat'>13,</span> <span class='ocrx_word' id='word_1_294' title='bbox 499 3715 534 3792; x_wconf 90' lang='grc'>8;</span> <span class='ocrx_word' id='word_1_295' title='bbox 563 3715 614 3792; x_wconf 88' lang='grc'>85,</span> <span class='ocrx_word' id='word_1_296' title='bbox 638 3714 695 3791; x_wconf 87' lang='grc'>25;</span> <span class='ocrx_word' id='word_1_297' title='bbox 727 3719 760 3774; x_wconf 95' lang='grc'>91</span> <span class='ocrx_word' id='word_1_298' title='bbox 785 3709 846 3772; x_wconf 86' lang='lat' dir='ltr'>hoc</span> <span class='ocrx_word' id='word_1_299' title='bbox 874 3729 935 3771; x_wconf 89' lang='lat' dir='ltr'>non</span> <span class='ocrx_word' id='word_1_300' title='bbox 965 3708 1066 3771; x_wconf 91' lang='lat' dir='ltr'>solum</span> <span class='ocrx_word' id='word_1_301' title='bbox 1093 3708 1126 3770; x_wconf 95' lang='lat' dir='ltr'>in</span> <span class='ocrx_word' id='word_1_302' title='bbox 1155 3729 1192 3770; x_wconf 89' lang='lat' dir='ltr'>ea</span> <span class='ocrx_word' id='word_1_303' title='bbox 1219 3730 1256 3772; x_wconf 88' lang='grc'>19</span> 
     </span>
     <span class='ocr_line' id='line_1_33' title="bbox 122 3812 1256 3904; baseline -0.005 -21"><span class='ocrx_word' id='word_1_304' title='bbox 122 3816 319 3904; x_wconf 89' lang='lat' dir='ltr'>opponenda,</span> <span class='ocrx_word' id='word_1_305' title='bbox 342 3840 434 3903; x_wconf 92' lang='lat' dir='ltr'>quam</span> <span class='ocrx_word' id='word_1_306' title='bbox 453 3818 521 3904; x_wconf 89' lang='lat' dir='ltr'>ipse</span> <span class='ocrx_word' id='word_1_307' title='bbox 537 3818 643 3882; x_wconf 88' lang='lat' dir='ltr'>statim</span> <span class='ocrx_word' id='word_1_308' title='bbox 658 3816 778 3881; x_wconf 83' lang='lat' dir='ltr'>refellat</span> <span class='ocrx_word' id='word_1_309' title='bbox 801 3813 851 3896; x_wconf 89' lang='lat' dir='ltr'>(de</span> <span class='ocrx_word' id='word_1_310' title='bbox 867 3815 913 3877; x_wconf 92' lang='lat' dir='ltr'>ira</span> <span class='ocrx_word' id='word_1_311' title='bbox 928 3812 955 3894; x_wconf 96' lang='lat' dir='ltr'>I,</span> <span class='ocrx_word' id='word_1_312' title='bbox 971 3817 1001 3895; x_wconf 90' lang='lat'>8,</span> <span class='ocrx_word' id='word_1_313' title='bbox 1018 3816 1058 3895; x_wconf 87' lang='grc'>6),</span> <span class='ocrx_word' id='word_1_314' title='bbox 1081 3812 1138 3877; x_wconf 86' lang='lat' dir='ltr'>sed</span> <span class='ocrx_word' id='word_1_315' title='bbox 1159 3813 1256 3877; x_wconf 87' lang='lat' dir='ltr'>etiam</span> 
     </span>
    </p>

    <p class='ocr_par' dir='ltr' id='par_1_12' title="bbox 122 3918 1255 4010">
     <span class='ocr_line' id='line_1_34' title="bbox 122 3918 1255 4010; baseline -0.008 -21"><span class='ocrx_word' id='word_1_316' title='bbox 122 3925 155 3989; x_wconf 95' lang='lat' dir='ltr'>in</span> <span class='ocrx_word' id='word_1_317' title='bbox 178 3925 335 3993; x_wconf 83' lang='lat' dir='ltr'>sentent-ia</span> <span class='ocrx_word' id='word_1_318' title='bbox 358 3947 376 3989; x_wconf 93' lang='lat' dir='ltr'>a</span> <span class='ocrx_word' id='word_1_319' title='bbox 400 3925 551 4010; x_wconf 88' lang='lat' dir='ltr'>scriptore</span> <span class='ocrx_word' id='word_1_320' title='bbox 574 3923 644 4009; x_wconf 90' lang='lat' dir='ltr'>ipso</span> <span class='ocrx_word' id='word_1_321' title='bbox 667 3921 798 4007; x_wconf 91' lang='lat' dir='ltr'>probata</span> <span class='ocrx_word' id='word_1_322' title='bbox 821 3928 853 3984; x_wconf 90' lang='grc'>91</span> <span class='ocrx_word' id='word_1_323' title='bbox 869 3942 949 4005; x_wconf 90' lang='lat' dir='ltr'>quae</span> <span class='ocrx_word' id='word_1_324' title='bbox 965 3918 1095 3984; x_wconf 88' lang='lat' dir='ltr'>refutari</span> <span class='ocrx_word' id='word_1_325' title='bbox 1109 3927 1255 4003; x_wconf 86' lang='lat' dir='ltr'>nequeat,</span> 
     </span>
    </p>
   </div>
   <div class='ocr_carea' id='block_1_6' title="bbox 0 0 1400 4538">
    <p class='ocr_par' dir='ltr' id='par_1_13' title="bbox 0 0 1400 4538">
     <span class='ocr_line' id='line_1_35' title="bbox 0 0 1400 4538; baseline 0 0"><span class='ocrx_word' id='word_1_326' title='bbox 0 0 1400 4538; x_wconf 95' lang='lat' dir='ltr'> </span> 
     </span>
    </p>
   </div>
  </div>
 </body>
</html>
