2790 4538
675 170 821 236 13'

128 368 168 449 (p.
186 365 238 447 57)
255 359 341 444 dicit,
363 386 394 428 v.
410 363 504 428 modo
528 361 669 448 exceptis
692 362 731 426 iis
754 361 841 442 locis,
864 359 918 426 ubi
935 357 976 426 ad
990 369 1262 449 tempus‘spectet,
1280 359 1285 368 '

126 491 189 533 non
217 470 360 555 usurpari
388 468 550 534 aSeneoa
580 468 641 533 nisi
673 476 729 533 aut
759 476 840 555 post.
868 493 898 555 p.
926 470 958 532 si
991 476 1046 532 aut
1072 477 1147 554 post
1172 492 1261 555 pron.

126 575 213 639 relat.
242 575 291 659 (of.
314 573 355 640 de
383 575 452 641 ben.
476 573 539 655 VI,
563 578 615 656 35,
640 577 658 638 5
665 599 674 655 ς
706 597 755 662 ep.
780 578 831 655 71,
856 578 885 658 5)
919 583 973 639 aut
1004 573 1088 661 apud
1119 575 1261 660 imperat.

126 676 175 756 (cf.
195 680 290 746 huius
313 704 422 746 comm.
440 683 458 765 ᾗ
477 684 527 762 11,
550 680 577 762 Ι,
594 685 633 764 9).
670 680 821 766 Neglexit
842 689 1005 767 praeterea
1027 679 1066 745 de
1089 702 1178 768 prov.
1195 685 1224 761 2,
1241 685 1259 745 2

116 788 202 873 ¹quis
229 794 354 869 autem,
385 789 438 852 uir
464 789 558 853 uicdo
588 794 619 852 ct
644 793 767 852 erectus
795 789 838 852 ad
864 789 1011 869 boucstc,
1044 808 1113 851 uou
1141 788 1261 852 loboris

126 896 280 978 adpetens
301 895 409 959 iusti.
430 897 462 959 ..2

233 1000 377 1086 Negatur
391 1000 524 1065 alterum
539 1000 713 1065 membrum
735 999 819 1064 illius
836 1007 1011 1064 structurae
1028 999 1083 1064 vix
1105 999 1180 1065 olibi
1199 1000 1261 1066 nisi

127 1131 174 1195 ep.
197 1110 249 1188 87,
266 1110 308 1172 29
337 1109 417 1193 (uou
440 1113 461 1172 t.
487 1108 674 1192 ucri-sed),·
699 1128 748 1192 ep.
765 1109 817 1186 87,
834 1109 875 1170 33
904 1106 1106 1190 (etium-uon
1130 1112 1261 1171 tautum

126 1215 223 1299 uou)‚·
247 1212 288 1277 ad
303 1212 349 1277 M.
368 1211 408 1277 de
430 1235 455 1277 c.
473 1217 538 1293 2,4
567 1215 647 1299 (unu
670 1213 740 1277 dico
763 1212 942 1296 caused,-
966 1219 1133 1298 utrumque
1156 1221 1261 1277 autem

126 1319 301 1384 membrum
327 1327 476 1404 negatum
503 1318 609 1385 inveni
637 1340 700 1382 uno
723 1318 807 1398 loco,
830 1315 871 1381 ad
893 1316 961 1381 Pol
986 1319 1016 1397 6,
1039 1321 1059 1381 4
1088 1320 1159 1403 (uec
1182 1325 1257 1384 tau·
1287 1391 1295 1405 .

128 1427 295 1490 dummodo
310 1446 440 1489 nou-ue
455 1426 613 1511 quidem).
647 1426 694 1488 At
709 1424 742 1487 in
758 1431 891 1509 utroque
902 1423 1047 1498 membro
1063 1446 1128 1489 vox
1142 1447 1260 1510 negans

125 1554 183 1619 per
205 1531 487 1617 breviloquentiam
511 1531 627 1595 omissa
649 1552 689 1595 ex
717 1530 868 1616 proximis
900 1538 1005 1595 mente
1033 1529 1181 1596 addenda
1212 1540 1262 1597 est

126 1661 155 1702 n.
179 1661 231 1724 qu.
254 1637 318 1718 VI,
342 1639 427 1718 16,1
451 1659 520 1702 ucu
544 1643 676 1702 tautum
697 1637 754 1701 illo
777 1637 929 1718 dicc...,
952 1637 1009 1701 scd
1029 1637 1086 1701 illo
1109 1638 1259 1711 dico...‚

127 1766 207 1830 quae
223 1743 309 1808 diota
324 1752 398 1808 sunt
412 1765 470 1830 pro
485 1742 548 1808 his:
572 1765 654 1824 „non
670 1750 792 1807 tantum
806 1765 870 1807 non
886 1742 954 1807 sine
969 1742 1023 1807 illo
1040 1764 1110 1807 esse
1126 1742 1197 1809 dico
1208 1793 1215 1809 .
1226 1793 1233 1809 .
1244 1793 1261 1825 .,

128 1849 186 1916 sed
207 1873 248 1916 ne
272 1851 339 1916 sine
362 1850 417 1915 illo
439 1848 567 1936 quidem
590 1847 690 1913 dico.“

232 1956 260 2044 l)
305 1956 357 2021 De
379 1956 537 2021 locutione
560 1977 602 2019 uc
625 1955 842 2040 quidem-scd,
866 1955 955 2020 cuius
969 1954 1112 2041 Draeger
1135 1959 1164 2040 (ᾗ
1188 1961 1261 2037 333,
1310 1951 1332 2048 Ἰ

130 2067 159 2143 8,
181 2063 222 2147 k.)
245 2063 307 2128 tria
328 2070 451 2126 tantum
474 2061 618 2147 exempla
640 2059 780 2147 proferre
802 2061 915 2146 potuit,
938 2059 1087 2127 Gertzius
1111 2063 1153 2146 (in
1177 2062 1260 2128 stud.

127 2169 194 2233 crit.
226 2192 287 2255 p.p.
311 2170 384 2246 Ι116
413 2175 446 2232 et
476 2169 554 2251 117)
586 2175 671 2232 recte
703 2165 886 2253 disputavit.
942 2167 1105 2255 Exemplis
1143 2168 1261 2235 ibidem
1300 2211 1303 2218 ·
1331 2212 1341 2239 .

128 2275 286 2360 congestis
309 2273 445 2359 adiungo
468 2273 558 2339 haec:
584 2272 623 2338 de
639 2274 685 2338 ira
707 2272 734 2354 Ι,
751 2277 780 2354 2,
797 2277 815 2337 5
822 2298 831 2354 ;
853 2295 902 2358 ep.
920 2276 971 2353 67,
988 2277 1022 2359 63
1047 2279 1099 2356 83,
1116 2278 1156 2340 20
1182 2282 1261 2342 tuuc
1307 2339 1310 2345 .

128 2381 325 2446 libidinosus
347 2403 388 2445 uc
404 2381 592 2445 cubiculum
607 2380 740 2464 quidem
760 2385 928 2465 exspectet,
952 2382 1008 2445 scd
1023 2381 1260 2467 cupiditatibus
1386 2374 1388 2380 ’

129 2488 210 2569 suia,
234 2493 398 2572 quuutuui
422 2487 604 2571 petierunt,
626 2486 704 2571 'sisu
731 2487 888 2551 diletione
911 2486 1086 2571 permittit.
1134 2487 1187 2550 Ab
1210 2487 1259 2551 his

127 2592 205 2657 locis
229 2615 358 2658 secerno
382 2615 445 2673 eoo,
468 2591 581 2676 quibus
605 2591 710 2657 verbis
733 2592 929 2676 nequidem
944 2613 1008 2656 vox
1031 2614 1158 2678 negans,
1181 2616 1261 2678 quae

128 2698 296 2780 antecedit,
319 2699 481 2784 excipitur,
504 2705 540 2761 ut
561 2705 660 2761 const.
678 2699 728 2779 14,
747 2701 766 2762 3
789 2718 858 2762 uou
881 2699 1064 2763 vindicavit
1083 2700 1260 2782 iuiuriuui,

128 2825 169 2869 uc
191 2805 321 2869 remisit
343 2806 483 2890 quidem,
506 2804 562 2868 sed
583 2804 707 2886 suctum
730 2806 878 2887 capacit-
903 2803 944 2869 ad
966 2804 1034 2869 Pol.
1060 2808 1110 2885 13,
1134 2808 1162 2869 2.

345 2999 381 3065 2.
418 2999 474 3065 De
497 2999 637 3064 ceteris
660 2998 866 3082 particulis
889 2998 1042 3067 advers.

122 3149 125 3154 ·
236 3119 269 3207 a)
323 3120 443 3184 Verum
465 3144 495 3206 p.
517 3128 643 3205 praeter
664 3141 713 3207 ep.
734 3122 785 3200 73,
805 3124 839 3200 3,
861 3143 954 3205 quem
976 3120 1080 3185 locum
1103 3121 1162 3185 sub
1188 3124 1216 3201 1,
1238 3121 1260 3185 h

129 3227 234 3307 citavi,
249 3225 346 3291 semel
361 3226 520 3290 invenitur
535 3227 568 3289 in
584 3225 689 3291 verbis
704 3226 744 3291 ab
760 3224 941 3291 adversario
957 3226 1088 3291 obiectis
1105 3249 1153 3312 ep.
1171 3229 1221 3307 73,
1241 3230 1259 3290 5

128 3354 244 3397 uerum
267 3333 349 3397 ulios
372 3353 498 3417 quoquc
520 3354 578 3397 reu
595 3333 746 3418 protcpit.
784 3331 882 3411 Quod
898 3332 925 3397 si
940 3333 1071 3416 miraris,
1087 3333 1169 3398 inter
1183 3332 1261 3398 haec

128 3437 192 3504 duo
208 3438 352 3525 exempla
366 3448 431 3503 tam
452 3461 586 3526 parvum
608 3439 807 3504 intervallum
830 3438 1036 3520 intercedere,
1059 3439 1097 3504 cf.
1113 3462 1159 3520 eo,
1182 3461 1261 3526 quae

129 3544 170 3611 de
193 3554 272 3632 part
294 3546 399 3629 ipitur
421 3544 523 3609 dicam
547 3547 565 3629 ξ
591 3548 619 3625 5,
644 3549 672 3610 1.

233 3652 270 3740 b)
314 3651 366 3717 De
393 3651 501 3739 partic.
524 3653 619 3737 utqui
647 3651 680 3715 in
708 3651 889 3738 syllogismo
918 3660 1068 3738 usurpata
1094 3652 1146 3718 vel
1177 3652 1262 3718 idem

128 3759 253 3825 valente
276 3780 313 3822 ao
334 3765 478 3822 nostrum
499 3760 572 3822 uad
592 3759 672 3847 decb
695 3757 1001 3844 scripsit.Rausohn.
1018 3763 1057 3844 (p.
1075 3761 1137 3841 60).
1167 3759 1264 3823 Libet

125 3887 245 3954 paucos
267 3865 353 3929 locos
377 3863 515 3944 adicere,
538 3864 651 3950 quibus
675 3865 809 3952 scriptor
831 3865 889 3929 hac
912 3889 942 3951 p.
966 3864 1007 3929 ad
1030 3887 1076 3945 ea,
1098 3888 1177 3951 quae
1202 3866 1262 3931 sibi

127 3971 246 4062 opponi
268 3970 366 4057 fingit,
388 3971 572 4057 respondet,
595 3971 635 4037 de
657 3963 705 4036 ira
726 3971 773 4052 ΙΙ,
798 3974 849 4051 12,
877 3975 896 4036 3
919 3993 988 4036 nou
1006 3978 1126 4057 potest,
1149 3973 1264 4059 iuquit
