2790 4538
671 187 711 249 56

129 379 167 458 1),
190 376 221 439 in
246 384 324 441 sent.
347 377 436 463 prim.
458 385 583 463 praeter
604 400 762 464 praesens,
786 376 958 463 perfectum
983 379 1032 461 (cf.
1058 378 1098 445 66
1115 390 1217 445 const.
1235 405 1262 446 6.

129 484 157 562 7,
181 485 215 561 2,
247 504 295 567 ep.
322 486 371 563 15,
396 487 430 563 3,
461 506 490 548 n.
514 506 564 568 66.
587 483 651 564 IV,
676 487 705 564 2,
729 488 773 566 9),
805 484 884 549 coni.
914 508 1014 571 praes.
1041 486 1074 550 in
1105 487 1259 573 interrog.

126 588 264 674 positum
288 588 336 671 (cf.
359 587 399 654 de
415 588 484 654 ben.
499 589 545 670 V,
562 592 590 670 7,
608 594 637 673 3)
660 588 831 676 respondet
853 591 947 655 etiam
968 591 1116 657 futurum.
1148 592 1261 658 Huius

127 717 203 760 usus
226 693 311 781 apud
332 695 410 760 alios
433 695 601 781 scriptores
624 696 700 760 satis
715 697 777 760 rari
799 697 973 784 inscriptis
996 698 1178 786 philosophi
1192 723 1261 764 non

127 823 227 888 pauca
249 801 392 886 exempla
415 809 553 882 exstant;
576 801 608 866 in
631 803 745 887 quibus
768 804 940 890 perfectum
962 803 1066 868 locum
1088 813 1177 870 tenet
1199 805 1261 870 fut.

128 931 185 988 ex,
207 907 295 973 velut
317 906 357 971 de
380 907 450 971 ben.
465 907 547 988 VII,
572 911 623 988 19,
647 911 681 989 5,
704 931 752 994 ep.
777 912 828 990 17,
853 912 871 974 9
894 910 926 973 si
947 912 1150 976 necessitates
1172 913 1259 976 ulti-

128 1035 201 1079 mae
222 1014 421 1095 inciderunt,
444 1013 642 1078 iamdudum
665 1015 748 1079 eaiet
769 1015 869 1080 euita
892 1022 923 1080 et
936 1018 1090 1082 molestus
1111 1017 1178 1082 sibi
1193 1039 1263 1082 esse

128 1120 260 1184 desina.
303 1119 342 1183 Si
363 1140 438 1184 uero
455 1121 614 1203 'cuiquam
637 1121 722 1185 ecit.
744 1172 750 1184 .
772 1173 778 1185 .
804 1121 981 1204 (Fickertus
997 1130 1106 1187 contra
1121 1124 1262 1209 optimos

128 1224 219 1294 codd.
241 1226 277 1290 P.
301 1249 331 1311 p.
355 1226 480 1312 scripsit
506 1226 695 1308 inciderint,
723 1249 786 1311 quo
814 1249 893 1313 opus
920 1251 983 1292 non
1013 1251 1083 1294 6666
1106 1229 1263 1316 exemplis

128 1356 148 1397 a
178 1355 228 1396 me
260 1333 360 1397 allatis
393 1332 470 1397 satis
502 1335 656 1417 apparet);
689 1354 737 1418 ep.
767 1335 822 1412 56,
847 1336 903 1413 11,
936 1337 992 1414 85,
1031 1336 1087 1416 12;
1116 1338 1172 1416 92,
1202 1338 1263 1416 26,

128 1438 169 1503 66
196 1439 242 1503 ira
268 1438 300 1519 I,
330 1441 385 1518 19,
413 1438 448 1518 6,
476 1461 506 1502 6.
529 1460 580 1522 66.
602 1437 634 1519 Ι,
663 1441 699 1519 2,
728 1441 762 1519 5,
795 1439 883 1520 6,1,
917 1443 968 1520 13,
992 1444 1026 1520 3,
1053 1439 1094 1505 66
1120 1441 1167 1505 ira
1194 1440 1263 1522 HI,

127 1550 180 1627 46,
202 1550 232 1611 4.
718 1627 721 1634 ¹
1091 1565 1096 1571 ·

235 1657 262 1737 c)
284 1651 466 1738 Imperfecti
488 1649 677 1716 indicativus
700 1658 774 1737 post
795 1673 825 1736 p.
848 1652 879 1715 si
901 1659 950 1716 ter
971 1651 1139 1733 invenitur,
1161 1675 1192 1716 n.
1208 1676 1262 1738 66.

129 1759 192 1841 IV,
217 1762 289 1839 6,3
322 1757 364 1823 66
394 1756 645 1823 consuetutinem
675 1755 926 1838 describendam,
958 1779 1029 1822 cum
1060 1759 1093 1822 in
1125 1758 1263 1845 apodosi

128 1865 212 1931 idem
235 1865 355 1952 imperf.
377 1864 506 1950 legatur,
530 1886 578 1949 ep.
603 1865 690 1944 99,5
714 1862 963 1947 adquiescamus
991 1864 1049 1946 iis,
1078 1886 1162 1949 qaae
1188 1866 1263 1930 6666

129 1973 317 2054 acaunus,
344 1972 376 2035 si
401 1972 495 2035 nodo
518 1992 586 2035 non
605 1971 774 2055 perforato
798 1969 911 2034 animo
934 1971 1187 2050 hauriebamus,-
1219 1970 1263 2035 ad

129 2079 196 2144 Pol.
221 2080 250 2158 6,
274 2082 292 2142 3
316 2078 348 2140 si
369 2078 495 2141 condas
512 2077 579 2140 'tea
601 2077 714 2140 annia
737 2076 843 2156 licere,
872 2097 913 2139 ne
936 2076 1146 2141 convertisses
1168 2077 1208 2141 in
1234 2084 1263 2142 te

129 2208 187 2252 ora
210 2185 371 2250 manium.
418 2182 531 2267 Neque
554 2203 630 2246 vero
652 2180 814 2261 hocloco,
843 2189 878 2244 ut
905 2182 957 2263 iis,
985 2203 1064 2267 quos
1087 2182 1178 2269 attigi
1201 2184 1263 2249 sub

131 2295 160 2372 1,
182 2314 209 2372 a,
232 2317 255 2372 ε,
278 2289 404 2374 aliquid,
427 2286 512 2373 quod
534 2286 653 2373 protasi
677 2286 811 2372 scriptor
832 2309 941 2351 verum
966 2271 1035 2353 6666
1058 2289 1157 2370 finxit,
1185 2312 1263 2376 apo-

130 2397 201 2462 dosi
223 2396 377 2461 refutatur
403 2417 440 2459 66
462 2393 605 2474 diluitur,
637 2391 695 2457 sed
723 2393 803 2456 coni.
826 2395 1035 2484 convertisses
1067 2403 1116 2461 est
1147 2395 1263 2463 modus

131 2504 299 2591 optativus.

235 2609 267 2694 d)
291 2609 496 2694 Plusquamp.
523 2605 616 2670 indic.
643 2613 754 2691 quater
781 2629 811 2691 p.
841 2607 872 2670 si
899 2605 1064 2673 adiunctus
1094 2617 1170 2689 est,
1190 2627 1262 2674 curn

129 2718 161 2781 in
185 2724 263 2782 sent.
286 2716 375 2802 prim.
398 2722 453 2778 aut
474 2713 647 2800 perfectum
669 2712 720 2793 sit,
742 2719 778 2775 ut
800 2710 840 2776 66
856 2713 926 2778 ben.
942 2713 1024 2795 VH,
1045 2718 1131 2796 11,2
1156 2723 1190 2780 et
1212 2739 1263 2803 ep.

132 2826 205 2903 107,
225 2827 255 2904 4,
278 2831 333 2886 aut
354 2843 511 2908 praesens,
534 2829 570 2884 ut
590 2818 629 2883 de
649 2818 719 2883 ben.
734 2818 799 2900 VI,
816 2821 902 2900 36,2
926 2822 1125 2886 nihil'debet
1148 2822 1260 2908 Saepi-

131 2930 188 2995 ani
202 2930 318 3010 Roma,
341 2930 373 2992 si
388 2929 555 2992 Punicum
578 2927 705 3008 belluni,
729 2931 769 2991 ut
789 2926 913 3010 liniret,
937 2928 1024 2991 aluit
1037 2927 1125 2992 nihil
1139 2927 1262 3011 Deciis,

131 3037 217 3122 quad
237 3039 339 3098 inacte
361 3035 511 3118 patriam
533 3039 759 3109 seruauerunt,
786 3033 818 3096 si
840 3033 941 3118 prius
969 3038 1178 3116 optauerant,·
1208 3034 1263 3100 ubi

130 3152 306 3230 temporum
333 3142 419 3205 aluit
445 3148 477 3204 et
509 3145 701 3224 aptaverant
731 3137 1018 3204 dissimilitudinem
1050 3137 1124 3203 inde
1155 3148 1263 3206 natam

131 3271 200 3314 6666
228 3256 371 3334 apparet,
398 3245 483 3331 quod
507 3243 611 3309 verbis
639 3246 726 3329 quod
751 3250 965 3309 seruauerunt
991 3243 1108 3309 diserte
1135 3253 1262 3332 tempus

130 3354 332 3442 praeteritum
354 3351 517 3433 indicatur,
540 3359 611 3415 ante
627 3349 713 3436 quod
728 3350 861 3436 scriptor
879 3350 949 3415 illos
973 3351 1134 3436 optavisse
1156 3352 1262 3437 fingit3

131 3459 266 3545 denique
288 3457 436 3545 inspicias
463 3481 493 3520 n.
515 3480 566 3541 66.
589 3456 616 3537 Ι,
641 3459 691 3536 17,
716 3459 734 3520 7
762 3478 839 3520 cuns
862 3457 995 3542 antiqui
1021 3458 1073 3522 illi
1095 3457 1163 3521 uiri
1188 3509 1194 3523 .
1220 3510 1227 3523 .
1253 3510 1259 3523 .

130 3568 287 3648 66666666,
311 3566 393 3629 satis
415 3565 525 3646 nitidi,
548 3564 579 3627 si
604 3615 610 3628 .
636 3615 642 3628 .
668 3614 674 3627 .
700 3565 862 3642 67666666,
887 3562 941 3627 ubi
963 3585 1025 3628 nv.
1048 3564 1130 3628 satis
1158 3565 1263 3629 nitidi

131 3672 216 3737 dicta
238 3680 312 3736 sunt
333 3694 391 3757 pro
415 3671 474 3757 qui
496 3671 577 3734 satis
599 3669 702 3733 nitidi
723 3668 789 3733 sibi
810 3669 1014 3733 uidebantur.
1093 3712 1096 3717 ·
1215 3663 1216 3666 '

237 3785 264 3862 6)
289 3777 533 3859 Sententiarum,
566 3797 645 3861 quae
678 3775 711 3838 in
743 3774 862 3861 protasi
888 3774 1028 3839 futurum
1053 3776 1105 3841 vel
1131 3776 1189 3840 fut.
1212 3797 1260 3840 ex.

129 3885 246 3950 habent
262 3905 314 3948 eas
330 3881 622 3970 praetermittendas
645 3889 741 3964 ratus,
763 3904 842 3970 quae
865 3882 897 3945 in
914 3880 1046 3970 apodosi
1064 3882 1122 3946 fut.
1136 3880 1260 3962 habent,

129 3992 206 4058 haec
228 4012 450 4058 commemoro:
