2790 4538
674 183 838 255 15.

126 381 176 450 his
200 381 334 450 vocibus
357 380 481 470 incipit,
504 403 575 447 cum
596 384 630 447 in
652 384 852 449 conclusione
875 382 973 447 altero
996 382 1065 448 loco
1088 379 1138 448 ita
1160 376 1257 448 altero

127 513 200 576 erpo
217 499 374 576 sequatur.
410 491 644 575 Nonnunquam
660 490 837 576 anteposita
852 511 929 555 voce
949 495 986 553 ct
1006 513 1036 574 p.
1052 511 1144 554 nunc
1158 489 1257 554 maius

125 595 253 684 pondus
276 596 427 676 attribuit,
449 605 486 661 ut
503 595 544 660 ad
559 596 605 661 M.
622 594 662 661 de
678 618 703 660 c.
720 599 772 676 20,
786 599 817 676 4,
839 594 894 659 ubi
914 594 1061 660 Gertzius
1084 595 1138 658 illa
1160 617 1259 681 oppo-

126 702 224 768 nendi
245 704 280 767 vi
303 700 388 788 apud
411 702 563 768 Senecam
584 700 701 766 nullam
723 708 802 787 part.
817 700 878 765 nisi
901 709 956 765 aut
978 723 1069 766 naue
1092 709 1146 765 aut
1168 724 1260 768 nuuc

127 831 202 875 cero
226 831 296 874 esse
318 808 493 896 praeditam
515 808 683 873 arbitratus
711 808 825 872 iniuria
851 805 930 871 illud
957 813 993 872 ct
1020 815 1092 871 ante
1115 831 1145 872 v.
1168 830 1260 873 nuuc

126 915 256 996 delevit,
278 938 349 979 cum
372 913 456 980 idem
479 921 515 980 ut
536 935 627 979 nuuc
650 912 791 978 tradatur
813 937 842 978 n.
858 936 909 1000 qu.
924 913 988 992 IV,
1005 917 1034 993 2,
1051 916 1092 977 25
1116 921 1149 978 et
1170 936 1260 998 prae-

126 1030 215 1086 terea
237 1043 329 1086 nunc
351 1027 462 1086 cutem
485 1042 556 1085 cum
579 1019 689 1086 eadem
711 1021 867 1085 sententia
888 1019 1184 1106 n.qu.VH,7,1;
1209 1023 1259 1103 18,

128 1131 162 1208 1;
186 1126 227 1192 de
251 1128 297 1192 ira
318 1126 383 1208 IH,
407 1130 459 1207 29,
483 1131 501 1191 2
508 1151 517 1207 ;
541 1125 675 1213 denique
698 1130 754 1192 scd
774 1149 866 1192 aune
888 1149 918 1191 n.
942 1150 992 1212 qu.
1015 1125 1043 1206 Ι,
1067 1130 1096 1207 3,
1118 1130 1148 1191 4.

235 1234 383 1298 Plurimis
410 1234 506 1320 igitur
531 1233 644 1298 horum
665 1234 805 1298 locorum
827 1231 975 1320 periodus
999 1231 1118 1298 condic.
1140 1232 1259 1298 irrealis

127 1326 301 1420 antecedit3
333 1339 373 1404 de
400 1340 447 1404 ira
473 1340 538 1420 ΠΙ,
562 1343 613 1420 12,
637 1345 656 1406 3
684 1348 777 1405 antea
799 1340 878 1404 coni.
901 1339 1032 1420 adhort,
1055 1337 1095 1405 de
1119 1347 1161 1404 ot
1186 1344 1215 1420 3,
1240 1343 1257 1405 1

128 1446 211 1511 coni.
235 1454 343 1534 optat,
366 1445 405 1511 de
428 1447 475 1511 ira
496 1445 560 1528 IH,
584 1450 636 1528 29,
656 1450 675 1511 2
704 1454 737 1511 et
759 1469 807 1532 ep.
832 1448 905 1526 113,
924 1450 945 1510 4
968 1443 1117 1531 periodus
1140 1444 1260 1510 condic.

127 1553 253 1639 legitur,
276 1575 356 1638 quae
379 1553 411 1616 in
434 1553 553 1639 protasi
576 1561 609 1617 et
631 1550 763 1640 apodosi
785 1552 925 1616 futurum
947 1550 1069 1616 habeat.

307 1800 330 1898 ἓ
364 1796 400 1875 3.
463 1793 530 1876 Dc
560 1793 779 1902 particulis
812 1793 1088 1875 disiunctivis'.

235 1976 269 2065 a)
306 1977 485 2042 Particulae
501 1985 569 2060 cut,
586 1980 644 2060 uel,
661 2000 707 2060 oe,
724 1978 840 2043 sivein
856 1976 979 2042 duobus
994 1977 1142 2042 membris
1156 1977 1261 2063 posita

128 2085 210 2149 inter
233 2105 268 2148 se
287 2083 499 2171 respondent,
522 2084 591 2150 sive
610 2107 683 2165 non,
706 2081 907 2170 disiungendi
921 2084 987 2149 vim
1007 2083 1124 2148 habent
1141 2083 1173 2147 in
1190 2105 1261 2147 sen-

128 2190 239 2254 tentiis
253 2198 285 2254 et
299 2190 455 2255 aientibus
472 2199 504 2254 et
518 2191 714 2276 negantibus,
728 2191 762 2255 in
777 2190 1073 2276 interrogationibus
1090 2198 1123 2254 et
1133 2189 1260 2254 directis

129 2284 178 2362 (cf.
198 2295 238 2361 de
253 2319 343 2383 prov.
359 2300 389 2377 4,
406 2301 440 2377 8;
468 2295 611 2376 deiraI,
627 2299 658 2376 8,
675 2300 709 2376 3;
737 2335 779 2344 —
808 2317 856 2381 ep.
874 2299 925 2376 70,
942 2299 999 2376 15;
1023 2336 1064 2344 -
1086 2294 1126 2360 de
1140 2296 1211 2361 ben.
1233 2296 1261 2377 Ι,

130 2406 182 2484 15,
207 2406 237 2487 2)
261 2401 549 2487 etindirectis'(cf.
572 2400 682 2466 deira
702 2400 749 2482 H,
772 2405 802 2483 4,
827 2405 861 2482 1;
885 2405 937 2483 25,
956 2407 992 2484 4;
1016 2442 1058 2452 -
1081 2424 1130 2488 ep.
1155 2405 1206 2483 18,
1226 2407 1261 2485 93

128 2507 169 2574 de
192 2509 264 2574 ben.
286 2508 314 2590 I,
334 2513 363 2589 3,
380 2512 399 2572 2
406 2533 415 2589 ;
439 2531 487 2595 ep.
510 2512 563 2589 88,
579 2511 641 2587 26).
686 2507 844 2590 Ceterum,
867 2506 953 2594 quod
976 2517 1025 2574 est
1046 2509 1139 2573 huius
1162 2510 1261 2596 scrip·

128 2616 207 2680 toris
240 2614 381 2680 studium
413 2615 592 2695 varietatis,
633 2613 673 2679 de
708 2636 771 2700 quo
807 2614 883 2679 alias
918 2614 1052 2679 fortasse
1087 2616 1260 2681 accuratius

129 2722 274 2802 scribam,
295 2722 354 2786 hae
374 2721 544 2808 particulae
565 2721 659 2785 etiam
678 2721 855 2806 promiscue
874 2720 1077 2785 inveniuntur
1098 2722 1130 2785 in
1151 2720 1262 2786 eadem

130 2828 302 2908 sententia,
330 2828 418 2893 velut
448 2851 480 2892 n.
502 2851 553 2913 qu.
576 2826 627 2908 H,
654 2830 749 2907 40,2
784 2849 860 2892 cum
891 2828 1005 2912 forum
1036 2829 1185 2913 tanpitur
1213 2830 1264 2893 cel

130 2935 302 3000 comitium
330 2940 390 3001 cut
411 2935 619 3019 patcctpcb'a
645 2933 740 2998 urbis
767 2934 884 2999 liberae
912 2936 996 3015 loca·
1026 2937 1261 3023 ep.9,16;n.

129 3039 340 3126 QLQZ

237 3144 273 3233 b)
318 3146 466 3212 Breviter
488 3146 608 3232 attingo
635 3146 724 3211 illum
750 3169 842 3212 usum
868 3172 899 3235 p.
923 3153 996 3230 cut,
1019 3170 1082 3234 quo
1105 3145 1190 3212 idem
1212 3155 1262 3212 est

130 3274 167 3316 ac
190 3253 222 3317 si
243 3253 301 3317 boc
324 3274 393 3317 aon
415 3253 465 3318 c‘tc
487 3259 535 3318 est
555 3254 608 3320 vel
630 3261 772 3318 nostrum
794 3260 894 3320 sonet.
934 3253 1013 3323 Vid.
1036 3253 1076 3318 de
1099 3254 1146 3318 ira
1167 3253 1195 3334 Ι,
1210 3257 1262 3335 21,

132 3362 167 3440 13
190 3381 220 3423 n.
244 3381 294 3444 qu
317 3358 363 3440 Π,
387 3363 439 3440 24,
464 3363 491 3425 1.

238 3464 271 3553 (3)
316 3465 367 3530 De
391 3465 452 3556 alia
474 3466 700 3551 significatione
722 3466 815 3530 huius
843 3465 1013 3551 particulae
1036 3466 1144 3552 paucis
1168 3488 1262 3552 agen-

130 3569 207 3636 dum
234 3570 362 3637 videtur
389 3595 452 3659 qua
478 3580 533 3636 aut
559 3570 644 3636 idem
670 3571 757 3637 valet
784 3593 820 3635 ac
846 3573 1077 3654 modo-modo,
1111 3573 1138 3636 si
1165 3595 1262 3636 unum

130 3677 278 3764 idemque
307 3679 483 3745 subiectum
509 3676 604 3743 modo
631 3679 691 3744 hoo
717 3677 813 3743 modo
841 3676 920 3742 illud
946 3677 1048 3742 facere
1072 3676 1200 3758 dicitur,
1226 3686 1263 3742 ut

131 3783 211 3851 dv.
233 3785 264 3850 b.
287 3789 317 3867 4,
342 3789 358 3850 1
383 3787 471 3850 idem
494 3787 652 3851 exercitus
674 3786 768 3850 modo
792 3786 1084 3870 lcttcmpcudc‘tur,
1107 3786 1201 3850 modo
1223 3786 1263 3850 c'u

131 3898 312 3976 aequatum
334 3898 501 3957 coartatur
528 3898 558 3957 et
584 3899 645 3957 cut
669 3893 709 3956 io
732 3914 856 3957 cornua
877 3892 1015 3956 siccato
1040 3892 1149 3956 medio
1168 3898 1263 3976 purte

131 4004 292 4065 coercetur
318 4005 379 4064 out
404 4004 491 4064 recto
518 4000 627 4084 fronte
655 4000 853 4084 conplicatum
883 4021 931 4085 ep.
956 4002 1029 4080 104,
1053 4002 1110 4081 27;
1139 4039 1179 4048 -
1208 4008 1263 4066 aut
