2790 4538
676 187 718 249 25

128 379 208 462 quia
227 431 233 443 .
255 431 261 443 .
283 430 289 444 .
338 377 373 443 Si
395 377 528 443 fortasse
551 377 706 463 quispiam
729 375 822 457 dicat,
846 376 1030 462 scriptorem
1051 374 1111 439 hoc
1133 371 1260 459 quidem

126 484 195 549 loco
218 509 249 570 p.
273 485 354 568 6666
375 484 571 570 praetulisse,
599 482 685 569 quod
708 506 748 548 ex
771 484 833 548 illis
856 482 998 546 formulis
1021 479 1169 566 loquendi
1193 500 1261 543 666

127 593 223 673 quod,
248 612 317 654 666
341 591 429 674 peria,
453 612 522 655 666
545 612 608 674 quo
628 643 633 654 .
655 642 661 654 .
683 642 689 654 .
711 592 791 654 ‚sed
813 590 907 674 quod,
930 591 986 653 aed
1008 588 1097 672 6666,
1121 594 1157 650 ut
1172 583 1261 651 vide-

126 696 230 761 bimus
254 696 347 760 huius
370 717 480 760 comm.
512 700 530 779 §
557 700 585 776 9,
610 701 639 777 3,
661 695 777 760 nullam
800 693 1260 776 616166666666666...,

126 804 183 866 sed
205 803 287 886 6666
309 801 485 883 admiserit,
512 802 573 867 illis
596 811 702 866 autem
724 801 847 867 duobus
869 800 947 865 locis
969 798 1043 863 ideo
1066 797 1261 884 praetulisse,

126 931 167 972 ne
184 931 249 974 vox
272 911 359 992 quod
381 931 479 994 parvo
503 909 605 994 spatio
621 909 807 994 interposito
825 907 960 994 repetita
976 905 1141 993 displiceat
1155 903 1261 988 legen-

126 1015 213 1079 tibus
219 1063 229 1094 ‚
257 1015 403 1101 inspiciat
430 1013 579 1079 de-brev.
603 1038 632 1079 v.
658 1017 709 1094 16,
733 1019 761 1095 3,
784 1015 839 1079 ubi
862 1038 892 1079 v.
916 1015 1002 1098 quod
1023 1010 1132 1098 paucis
1155 1008 1260 1074 verbis

126 1120 300 1184 interiectis
328 1120 442 1185 iterare
469 1143 531 1185 non
559 1118 730 1200 dubitavit,
762 1128 794 1184 et
820 1119 861 1184 de
883 1120 954 1184 ben.
976 1118 1041 1200 ΙΠ,
1065 1120 1094 1197 6,
1118 1121 1137 1181 2
1165 1137 1258 1200 6666-

126 1247 276 1310 6666666
294 1227 352 1291 hoe
371 1234 604 1311 urpumeratum
623 1232 670 1291 636
687 1228 832 1291 dandum
854 1248 923 1290 666
945 1226 1059 1309 fuisse,
1083 1224 1188 1308 6666.
1210 1273 1216 1286 .
1237 1272 1260 1303 .,

126 1332 181 1397 ubi
205 1354 392 1419 quamquam
416 1333 501 1397 nulla
523 1333 604 1412 talis,
626 1333 750 1417 qualem
772 1333 804 1396 in
828 1332 890 1397 illis
910 1332 1061 1418 exemplis
1085 1327 1262 1414 suspiceris,

127 1447 296 1518 causaest,
315 1447 418 1503 tamen
434 1464 464 1526 p.
481 1440 608 1524 666616
625 1439 780 1503 sententia
794 1438 863 1502 loco
880 1438 978 1502 subst.
993 1437 1097 1523 posita
1112 1456 1188 1499 usus
1204 1441 1262 1497 est

289 1545 323 1613 3.
368 1545 420 1610 De
442 1569 504 1632 p.p.
527 1550 620 1609 6661
642 1568 692 1610 66.

116 1709 118 1713 ,
237 1655 265 1735 6)
294 1651 381 1718 Voci
418 1651 511 1715 alicui
543 1660 622 1716 sent
649 1652 772 1738 primar.
800 1651 962 1738 particulis
999 1651 1061 1717 illis
1094 1647 1261 1734 explicatio

128 1756 337 1841 subitmgitur,
360 1759 448 1822 cuius
472 1781 547 1822 usus
571 1758 648 1822 haec
672 1759 815 1845 exempla
837 1759 973 1822 citentur
995 1780 1043 1842 66.
1066 1756 1118 1834 66,
1134 1758 1175 1818 25
1200 1755 1263 1818 huc

128 1883 241 1946 63666,
266 1868 319 1946 66,Ι
343 1863 384 1927 ad
398 1863 494 1927 Helv.
512 1866 576 1940 1,4
600 1865 657 1929 lucc
681 1870 709 1929 66
731 1885 800 1928 con
823 1886 888 1928 6336
910 1870 1105 1948 copularum
1119 1867 1130 1927 ’.
1151 1913 1157 1926 .
1179 1912 1201 1942 .,
1225 1865 1265 1923 66

129 1969 288 2033 6636666666
313 1975 367 2034 tato
391 1971 470 2034 66663
493 1992 514 2034 6
536 1993 587 2034 ure
610 1972 745 2035 6666666
771 1971 892 2050 366666,
923 1968 962 2034 (16
985 1970 1056 2035 666.
1078 1967 1143 2048 IV,
1168 1970 1219 2046 36,
1243 1968 1261 2029 2

129 2080 177 2138 636
196 2096 317 2139 rursus
339 2079 482 2141 maltum
506 2078 545 2139 66
568 2098 611 2159 66,
635 2098 676 2140 ne
698 2077 835 2160 66666666
860 2077 1054 2159 beneficium
1076 2077 1140 2140 dea.
1189 2073 1263 2137 Hoc

127 2179 197 2244 1666
219 2179 298 2244 illud
328 2188 375 2246 636
396 2183 435 2245 66
458 2204 492 2246 66
520 2182 615 2247 habet
637 2180 769 2247 eandem
792 2182 1049 2267 significationem
1071 2205 1107 2246 ac
1129 2183 1265 2245 66666636

129 2285 181 2351 vel
203 2288 317 2370 refert,
347 2287 439 2352 aliam
467 2296 572 2353 autem
600 2291 725 2374 6616,
749 2291 766 2353 1
792 2291 872 2374 plus
895 2290 1001 2373 operis
1024 2294 1071 2353 636
1092 2288 1132 2352 ia
1154 2308 1202 2368 66,
1225 2290 1265 2350 ut

124 2395 298 2478 6666636666
321 2389 504 2474 custodiam-4
532 2417 634 2480 neque
657 2416 733 2459 vero
756 2382 1017 2480 usquam‘notam
1044 2395 1129 2458 illam
1156 2395 1264 2457 duran

128 2500 211 2581 3666,
234 2500 283 2564 tm
307 2501 450 2584 Repriffe
473 2502 555 2566 3666.

236 2606 350 2691 Neque
367 2607 494 2670 omnino
510 2616 673 2692 praeterea
688 2607 749 2672 alio
768 2608 839 2672 loco
854 2631 916 2694 p.p.
932 2614 971 2672 66
993 2615 1048 2671 aut
1062 2630 1103 2672 66
1125 2604 1265 2692 pendent

128 2735 169 2777 ex
196 2713 381 2798 pronomine
405 2735 475 2777 cum
502 2715 736 2799 praepositione
759 2715 925 2801 coniuncto
954 2714 1014 2778 nisi
1043 2714 1082 2778 de
1105 2715 1176 2778 ben.
1199 2712 1265 2792 ΠΙ,

130 2822 220 2899 38,2
245 2820 499 2883 adliceremus
523 2825 701 2883 6666666666
723 2820 791 2904 fui,
816 2842 857 2884 66
884 2804 917 2884 el
945 2843 993 2906 ep.
1012 2823 1084 2902 101,
1106 2823 1147 2885 15
1170 2841 1264 2905 36666

128 2930 241 2989 autem
263 2925 302 2988 66
324 2926 382 2990 hoc
405 2932 453 2989 636
475 2926 560 3007 berte,
585 2947 626 2989 66
649 2927 709 2990 diu
732 2925 851 3007 (audias
874 2927 987 3009 66663).
1035 2926 1104 2990 Iam

209 3111 211 3115 Α
235 3029 267 3113 1))
291 3052 329 3095 66
351 3032 447 3096 verba
475 3054 656 3096 enumerare
685 3032 761 3096 satis
791 3032 846 3113 sit,
868 3040 943 3118 post
964 3056 1045 3119 quae
1068 3034 1169 3098 rarius
1191 3034 1263 3097 illae

127 3161 190 3223 p.p.
214 3137 289 3222 poni
313 3138 423 3202 solent.
470 3137 552 3203 Sunt
574 3147 679 3203 autem

195 3247 228 3326 6)
251 3267 313 3309 v.v.
337 3244 571 3330 impersonalia:

232 3371 336 3436 prope
359 3357 413 3434 636,
437 3350 523 3436 quod
545 3351 687 3437 Draeger
710 3355 740 3435 (5
761 3354 835 3431 464,
854 3356 884 3436 2)
903 3346 992 3438 ‘apud
1012 3352 1140 3418 Livium
1163 3355 1264 3419 solum

126 3456 210 3521 falso
233 3464 325 3541 putat
347 3458 486 3542 reperiri,
514 3458 593 3544 legis
622 3458 662 3523 de
685 3458 773 3523 elem.
796 3458 842 3540 Π,
866 3462 895 3539 6,
918 3463 939 3524 4
968 3463 1123 3544 quamsi
1146 3463 1221 3547 quis
1244 3485 1265 3526 6

127 3563 279 3648 sapiente
302 3563 409 3645 carpit,
430 3585 533 3648 prope
557 3571 611 3646 636,
635 3572 675 3630 66
694 3566 959 3630 praelocutionem
978 3568 1101 3650 666666·
1126 3571 1266 3653 66126,

129 3672 188 3750 21;
212 3669 252 3733 de
276 3669 363 3733 clem.
387 3669 413 3748 I,
439 3673 489 3748 14,
514 3675 542 3735 3.

236 3775 382 3870 Eundem
410 3775 526 3862 Draeg.
555 3800 671 3858 errare,
709 3801 779 3841 cum
808 3782 973 3862 §404‚5
1006 3778 1097 3860 dicit,
1134 3780 1264 3845 verbum

127 3887 278 3968 superest
300 3905 370 3945 cum
392 3907 423 3967 p.
447 3889 486 3946 66
513 3884 713 3947 coniunctum
740 3907 803 3948 non
832 3893 905 3948 ante
928 3885 1067 3949 Plinium
1090 3886 1138 3969 (cf.
1163 3909 1211 3972 ep.
1237 3890 1265 3966 1,

130 3992 159 4072 1,
177 3991 208 4074 2)
231 3986 301 4052 1666
318 3990 407 4054 verbi
429 3995 531 4053 restat
552 4011 631 4070 esse,
655 3989 887 4058 demonstratur
909 3991 1002 4059 huius
1026 3993 1132 4081 script
1148 4014 1196 4078 ep.
1213 3996 1265 4077 89,
