2790 4538
150 1186 226 1347 De
249 1269 502 1334 coniunctionum
526 1267 611 1357 apud
627 1267 781 1358 Senecam
793 1267 1014 1354 philosophum
1033 1290 1093 1332 usu
1109 1268 1280 1356 scripturus
1324 1261 1328 1272 “

120 1403 126 1417 ’
151 1397 220 1438 sum
242 1376 295 1455 ita,
318 1383 354 1438 ut
375 1375 622 1461 praetermittam
641 1375 877 1439 coniunctiones
894 1374 1088 1460 copulativas
1111 1380 1149 1458 et,
1174 1380 1279 1460 atque,

151 1503 226 1565 que,
249 1480 289 1546 de
314 1482 428 1569 quibus
451 1504 572 1546 summa
594 1503 668 1546 cura
691 1481 756 1566 egit
777 1480 942 1546 Klammer
964 1480 1038 1545 diss.
1061 1480 1173 1561 Bonn,
1201 1503 1280 1568 quae

150 1587 330 1665 inscribitur
352 1588 581 1653 Animadvers.
603 1587 779 1652 Aetnaeae.
798 1580 939 1672 premnt.
970 1589 1085 1673 (1878)
1090 1638 1099 1670 ,
1130 1594 1163 1651 et
1184 1587 1281 1674 parti-

150 1693 235 1757 culas
252 1695 432 1773 concessiv„
455 1694 645 1778 interrogat,
667 1700 845 1779 comparat,
867 1715 998 1780 quarum
1019 1712 1112 1758 usum
1134 1694 1282 1780 exposuit

150 1800 288 1884 Naegler
310 1799 431 1865 duabus
446 1799 770 1879 commentationibus,
793 1821 873 1885 quae
893 1799 1105 1863 inscribuntur
1127 1800 1177 1864 De
1190 1806 1277 1886 part.

149 1928 216 1970 usn
238 1907 329 1991 opud
350 1907 390 1970 L.
409 1906 449 1970 A.
474 1905 631 1970 Senecam
649 1905 733 1990 pail.
752 1905 837 1970 Pars
860 1905 896 1968 1:
920 1906 958 1969 de
976 1910 1065 1991 port.
1092 1927 1228 1971 concess,
1251 1913 1282 1972 et

127 2015 277 2094 ·-c'aterr.‚
301 2013 379 2077 diss,
403 2013 517 2096 toucy.
543 2013 642 2077 Helia
672 2011 843 2076 Saxonum
875 2012 968 2076 1873
999 2019 1031 2076 et
1058 2012 1108 2076 De
1131 2035 1167 2098 p.
1190 2034 1225 2078 a.
1248 2035 1278 2078 o.

106 2128 107 2132 ’
151 2118 185 2182 S.
212 2119 297 2182 Pars
321 2119 365 2181 Π
382 2121 475 2183 1880
498 2122 611 2204 (progr.
634 2115 873 2201 Nordhausen.).

257 2224 337 2289 Cum
353 2246 476 2288 omnem
499 2225 596 2309 igitur
617 2222 766 2309 loquendi
785 2221 1044 2292 consuetudinem
1062 2231 1130 2287 tum
1144 2215 1298 2311 particu?

148 2330 248 2393 larum
270 2353 361 2394 usum
384 2338 420 2393 ut
435 2338 576 2412 accurate
591 2337 830 2415 perscrutemur,
852 2330 885 2394 in
900 2330 960 2394 hoc
975 2329 1108 2394 maxime
1128 2330 1279 2416 scriptore

149 2458 213 2498 non
236 2437 312 2500 satis
341 2443 390 2501 est
417 2458 454 2501 ea
476 2444 597 2501 tantum
620 2457 876 2518 commemorare,
904 2458 983 2522 quae
1014 2436 1053 2500 ab
1076 2458 1136 2500 usu
1159 2437 1281 2522 vulgari

150 2540 312 2621 differunt,
345 2540 401 2606 sed
430 2541 496 2606 eius
524 2564 648 2628 quoque
675 2564 766 2622 usus,
799 2543 853 2628 qui
869 2541 1048 2627 ⁸insolentia
1074 2550 1173 2622 caret,
1202 2544 1279 2609 fines

150 2645 320 2710 definiendi
344 2655 425 2728 sunt,
454 2671 524 2712 eum
548 2647 668 2713 Seneca
689 2647 775 2712 haud
796 2670 912 2734 paucas
935 2669 1031 2713 voces
1054 2655 1087 2713 et
1108 2656 1280 2715 structuras

149 2751 233 2837 apud
260 2753 338 2818 alios
366 2754 534 2839 scriptores
565 2775 694 2839 prorsus
727 2753 859 2819 usitatas
892 2761 947 2818 aut
975 2744 1102 2819 omnino
1134 2756 1282 2821 vitaverit

149 2868 204 2922 aut
225 2859 382 2924 rarissime
406 2858 574 2924 admiserit.
613 2860 705 2938 Quae
728 2859 773 2924 ita
795 2882 865 2926 esse
884 2883 924 2926 ex
946 2861 1005 2926 hac
1019 2862 1280 2928 commentatione

150 2966 227 3030 satis
250 2965 421 3051 apparebit.
929 2982 930 2985 ’
1233 2976 1234 2980 ’

256 3071 404 3136 Ceterum
427 3071 578 3157 exempla,
600 3094 680 3156 quae
702 3073 735 3136 in
758 3071 890 3160 dialogis
914 3081 969 3138 aut
990 3074 1038 3139 l.l.
1061 3073 1101 3139 de
1124 3075 1226 3140 benef.
1247 3083 1281 3140 et

149 3179 237 3241 elem.
261 3177 416 3262 leguntur,
438 3199 479 3242 ex
502 3176 632 3260 Gertzii,
655 3187 759 3244 cetera
782 3203 822 3244 ex
843 3179 955 3245 Haasii
979 3179 1117 3246 editione
1140 3182 1252 3246 citabo.
