2790 4538
760 145 801 214 32

318 339 387 405 Iam
415 338 495 405 duae
527 348 647 404 restant
673 341 826 420 rationes,
858 341 972 426 quibus
1000 342 1172 407 sententias
1200 339 1283 408 inter
1313 363 1350 409 se

212 447 327 511 referre
350 447 531 526 voluerunt,
555 469 686 531 quarum
709 447 807 511 altera
830 447 961 528 Gertzii,
988 448 1086 513 altera
1109 452 1247 514 omnium
1271 460 1350 516 ante

211 553 366 617 Haasium
381 554 589 639 interpretum
604 560 661 617 est.
698 552 750 617 De
766 553 880 638 quibus
896 554 1076 640 prinsquam
1092 554 1236 636 iudicem,
1251 556 1352 621 liceat

212 659 289 724 mihi
305 659 470 745 explicare,
492 681 586 743 quam
601 658 826 722 sententiarum
841 660 994 725 rationem
1009 660 1081 725 huic
1104 684 1224 747 paragr.
1240 662 1351 727 inesse

212 774 364 853 oporteat.
411 763 552 850 Scriptor
579 762 664 827 haud
691 763 786 829 dubie
816 763 923 829 dicere
951 766 1033 831 vult:
1072 767 1204 852 Negatis
1237 789 1353 853 quem-

213 895 307 958 quam
330 893 447 950 eorum,
470 870 524 954 qui
547 870 719 955 sapientiae
743 869 881 952 student,
903 881 1072 958 praestare,
1095 896 1176 959 quae
1198 873 1353 958 loquitur.

212 977 300 1058 Quid
328 977 454 1056 mirum,
487 997 557 1039 cum
585 975 725 1060 ingentia
752 999 786 1042 se
816 978 1023 1063 praestituros
1048 1001 1118 1044 esse
1141 978 1354 1065 promittant?

212 1086 366 1150 Attamen
392 1082 427 1146 hi
454 1080 643 1168 philosophi,
665 1083 809 1165 quamvis
832 1106 894 1148 non
923 1083 963 1148 ab
987 1085 1072 1149 omni
1094 1095 1183 1171 parte
1214 1085 1353 1171 perfecti

211 1191 310 1256 multo
339 1190 442 1255 minus
466 1185 692 1274 cupiditatibus
716 1197 884 1269 vexantur,
906 1212 1000 1274 quam
1022 1191 1053 1270 ii,
1076 1191 1130 1275 qui
1153 1213 1210 1256 sua
1232 1200 1353 1278 sponte

211 1321 245 1363 se
269 1294 493 1384 cupiditatibus
516 1292 646 1372 dedunt,
669 1293 723 1378 qui
739 1294 826 1359 nullo
849 1294 943 1360 modo
959 1296 1038 1360 vitia
1053 1297 1163 1362 vitant.

318 1402 466 1468 Gertzius
489 1400 585 1486 igitur
607 1407 712 1485 putat,
739 1401 837 1466 verba
867 1402 950 1466 Oura
972 1403 1106 1486 refiyere
1131 1455 1137 1468 .
1160 1456 1193 1469 ..
1219 1405 1350 1469 distra-

211 1513 339 1575 huntur
361 1530 458 1571 unum
481 1527 550 1570 esse
574 1505 770 1570 enuntiatum
793 1516 825 1570 et
847 1529 913 1571 rem
935 1507 980 1571 ita
996 1509 1138 1594 exponit:
1162 1508 1354 1589 „Sententia

210 1639 286 1683 cant
308 1616 441 1699 refipera
466 1664 473 1677 .
495 1663 528 1676 ..
555 1613 660 1696 acepit
685 1612 822 1698 protasis
845 1622 909 1693 est,
932 1614 982 1678 cui
1005 1615 1124 1699 reliqua
1147 1617 1190 1679 ud
1211 1618 1350 1700 snppli-

210 1725 300 1788 cium
325 1774 331 1787 .
353 1773 359 1786 .
381 1772 414 1786 ..
441 1720 675 1784 distrahuntur
707 1726 743 1782 ut
774 1718 885 1804 apodis
908 1718 1115 1804 respondent,
1148 1743 1353 1806 quamquam,

211 1828 296 1914 quod
312 1826 353 1892 ad
375 1826 528 1890 rationem
551 1825 784 1910 grammaticam
805 1825 952 1911 pertinet,
975 1825 1124 1912 apodcsis
1137 1826 1180 1890 'in
1199 1831 1354 1913 pendent

209 1935 291 1999 finiri
307 1932 446 2012 videtur;
469 1939 503 1995 et
517 1953 555 1995 ea
570 1929 696 2016 quidem
711 1931 773 1995 looi
788 1931 868 1994 ratio
885 1938 941 2010 est,
961 1938 997 1994 ut
1012 1954 1087 1996 cum
1105 1985 1111 1997 .
1133 1985 1139 1998 .
1160 1985 1167 1998 .
1186 1940 1353 2000 conentur

209 2037 423 2127 respondeant
438 2038 491 2102 illa
507 2040 550 2102 ud
564 2039 768 2123 supplicium
794 2090 799 2101 .
822 2090 828 2103 .
849 2090 855 2103 .
877 2040 1023 2124 pandect
1045 2038 1216 2123 (inquibus
1234 2046 1351 2106 tantan

209 2146 293 2211 idem
316 2153 366 2210 est
388 2143 473 2230 quod
496 2146 620 2226 saltem,
643 2145 675 2208 ot'
696 2145 785 2208 otta
806 2145 900 2208 aldred
922 2151 955 2207 et
976 2145 1114 2230 pertinet
1129 2143 1170 2208 ad
1192 2145 1245 2209 illa
1268 2148 1347 2211 sin-

206 2255 295 2338 yult's
323 2252 494 2337 stipitibus
516 2252 687 2336 pendent),
717 2250 822 2315 verbis
854 2257 960 2315 autem
987 2272 1066 2335 quae
1100 2260 1276 2335 sequuntur
1308 2254 1350 2318 itt

210 2381 292 2446 quos
318 2410 324 2424 .
345 2410 352 2423 .
373 2409 379 2422 .
405 2358 511 2441 adiytt
532 2362 675 2442 (quorum
690 2356 847 2420 sententia
862 2356 894 2418 in
910 2356 1015 2421 verbis
1039 2357 1075 2420 tn·
1100 2409 1107 2420 .
1128 2409 1134 2422 .
1156 2409 1162 2421 .
1188 2359 1348 2424 animum

210 2467 386 2530 advertunt
400 2463 461 2527 alia
475 2463 575 2527 forma
590 2463 729 2545 iteratur)
748 2461 960 2548 respondeant
975 2471 1080 2526 cetera
1094 2465 1131 2527 ta·
1148 2515 1154 2527 .
1170 2515 1176 2528 .
1192 2517 1199 2528 .
1217 2466 1344 2532 distra-

209 2574 372 2650 hunturf‘

314 2675 378 2742 Sed
401 2677 536 2763 primum
559 2674 686 2760 quidem
710 2684 851 2761 apparet,
873 2676 996 2756 rationi,
1019 2699 1080 2762 qua
1099 2676 1248 2742 Gertzius
1274 2701 1345 2743 sen·

208 2784 324 2849 tentiae
339 2784 422 2848 inter
436 2804 471 2847 se
486 2780 677 2867 respondere
694 2780 770 2860 vult,
794 2789 981 2846 structuram
996 2783 1229 2867 grammaticam
1243 2785 1344 2848 totius
1366 2839 1367 2842 ,

209 2889 362 2955 enuntiati
384 2911 448 2953 non
471 2889 548 2952 satis
571 2910 751 2973 congruere.
789 2888 858 2952 Nec
876 2887 973 2952 verba
995 2889 1039 2951 ud
1055 2890 1261 2973 suppliciam
1279 2942 1286 2955 .
1307 2941 1340 2955 ..

208 2996 442 3060 distrahuntur·
464 2993 568 3058 omnia
590 3002 626 3057 ut
648 2992 796 3080 apodcsis
820 2993 874 3072 eis,
897 3014 977 3078 quae
993 2993 1190 3075 antecedunt,
1214 3018 1343 3083 respon-

207 3102 282 3167 dere
298 3109 439 3188 possunt,
462 3099 490 3165 si
509 3099 696 3164 sententiam
720 3109 905 3186 spectamus.
943 3101 1026 3164 Nam
1050 3096 1342 3188 quomodocumque

207 3232 268 3273 v.v.
284 3229 361 3272 cam
382 3207 540 3290 rafipere.
562 3258 595 3271 ..
622 3207 734 3290 adicit,
759 3207 962 3292 explicantur,
985 3229 1048 3271 non
1071 3208 1239 3293 perspicio,
1262 3232 1342 3294 quae

207 3314 429 3380 sententiarum
462 3312 542 3376 ratio
574 3310 749 3376 intercedat
779 3313 862 3375 inter
888 3311 965 3376 haec
993 3321 1026 3377 et
1048 3336 1099 3394 ea,
1122 3336 1202 3398 quae
1231 3324 1342 3401 postea

205 3422 352 3506 leguntur
374 3419 418 3501 hi,
444 3419 503 3503 qui
528 3469 534 3482 .
555 3470 561 3482 .
583 3469 589 3482 .
615 3419 858 3483 distrahantur.

313 3525 378 3590 Sed
405 3547 445 3589 nc
475 3532 619 3610 separata
641 3522 769 3610 quidem
791 3524 849 3589 hae
880 3524 1035 3588 sententia
1063 3548 1081 3589 a
1104 3527 1256 3612 proximis
1280 3551 1340 3593 v.v.

206 3653 282 3697 casm
304 3632 438 3716 refipere
464 3683 470 3695 .
492 3682 525 3695 ..
552 3631 657 3714 adtytt
683 3639 719 3694 ut
747 3630 882 3718 protasis
907 3652 1028 3711 eorum,
1055 3654 1135 3716 quae
1159 3642 1340 3719 sequuntur,

206 3740 250 3802 od
269 3738 473 3822 supplicium
492 3738 639 3821 pendent
660 3737 745 3801 omni
769 3736 942 3801 offensione
958 3745 1073 3800 carent.
1112 3737 1195 3802 Nam
1219 3763 1249 3826 p.
1266 3762 1341 3805 cum

206 3844 234 3908 si
257 3844 472 3909 concessivam
494 3844 682 3907 sententiam
709 3843 824 3907 habere
852 3842 1027 3923 statuimus,
1050 3845 1186 3930 protasis
1210 3854 1244 3910 et
1266 3869 1341 3932 apo·

207 3949 293 4015 dosis
316 3949 401 4013 haud
424 3950 504 4014 bene
532 3949 615 4014 inter
642 3972 675 4014 se
700 3951 881 4030 concinunt,
909 3972 980 4012 cum
1007 3950 1124 4014 nullam
1152 3952 1341 4016 sententiam
