2790 4538
621 141 638 204 7

61 357 156 399 causa
178 334 282 399 dicere
304 341 419 420 potest,
441 331 580 420 Epicuro
603 331 665 418 ipsi
688 354 724 396 ac
747 339 851 396 sectae
874 332 941 396 eius
958 331 1080 417 culpam
1094 354 1193 417 quan·

61 440 134 505 dam
156 440 301 504 infamiae
324 438 553 504 attribuendam
577 460 660 518 esse,
688 437 761 523 quia
788 438 879 524 pravi
901 437 1044 502 homines
1067 439 1192 503 nomine

60 547 233 633 voluptatis
257 546 423 610 inhonesto
439 545 528 630 quasi
551 545 583 608 in
606 544 709 609 fronte
728 544 826 609 totius
842 542 1026 630 disciplinae
1041 544 1192 630 inscripto

60 653 141 717 male
164 660 291 716 utantur
313 650 355 716 ad
376 651 455 717 vitia
478 673 535 715 sua
557 649 743 715 excusanda
780 650 854 716 Hoc
877 659 981 716 autem
1004 674 1067 716 non
1085 652 1192 717 verbis

60 759 307 823 necimmerito
330 756 387 822 sed
409 778 473 820 saca
494 757 603 841 ipsias
627 759 725 842 culpa
747 757 880 849 exprimi
903 756 1006 822 debet.

167 864 335 928 Praeterea
361 864 394 926 in
417 863 523 928 verbis
552 861 670 927 codicis
693 864 725 926 A
746 861 912 942 habemus,
935 885 997 949 quo
1020 885 1193 949 pronomen

61 973 121 1035 hoc
143 979 215 1056 apte
237 969 418 1050 referamus,
441 968 482 1034 ad
504 969 679 1055 proximam
702 967 772 1032 dico
796 969 998 1049 sententiam,
1021 970 1048 1034 si
1072 968 1193 1035 Gertzii

61 1077 271 1141 coniecturam
297 1076 480 1162 probamus,
507 1097 571 1139 non
598 1074 758 1140 habemus.
802 1074 885 1138 Nam
908 1074 992 1162 quod
1021 1075 1099 1140 illud
1121 1098 1194 1162 pro-

62 1205 175 1247 nomen
203 1180 243 1246 ad
270 1204 307 1246 ea
335 1189 476 1266 spectare
504 1180 587 1261 vult,
613 1203 712 1267 „quae
740 1181 874 1266 scriptor
900 1180 990 1244 initio
1018 1181 1130 1266 capitis
1153 1180 1193 1246 de

62 1310 139 1352 vera
161 1287 291 1374 Epicuri
315 1288 472 1352 sententia
499 1286 594 1352 etde
621 1286 767 1372 pessimis
790 1287 1000 1352 imitatoribus
1022 1287 1102 1352 male
1125 1309 1193 1352 eam
1261 1299 1264 1303 ’

61 1394 288 1480 accipientibus
304 1393 413 1474 dixit“,
435 1394 521 1458 nullo
537 1392 631 1458 modo
646 1393 721 1458 illuc
735 1393 891 1479 respicere
905 1401 1020 1480 potest,
1039 1393 1195 1458 sententia

62 1522 191 1586 prorsus
214 1500 316 1564 aliena
331 1501 371 1566 ab
393 1501 441 1581 iis,
464 1522 543 1585 quae
566 1500 656 1564 initio
680 1521 746 1584 cap.
763 1506 836 1564 sunt
851 1521 1009 1584 expressa,
1031 1499 1195 1564 interiecta

61 1607 169 1671 verbis
184 1609 269 1671 male
284 1608 388 1689 audit,
411 1607 554 1691 infamis
575 1612 630 1689 est,
653 1606 901 1670 necimmerito.
941 1605 1047 1683 Quam
1062 1604 1195 1670 difficul-

61 1720 159 1775 tatem
183 1710 330 1777 Gertaius
358 1735 422 1777 non
450 1712 578 1778 sustulit
603 1735 661 1798 pro
685 1735 715 1776 v.
736 1713 794 1776 boe
815 1711 950 1797 receptis
973 1712 1022 1776 his
1046 1714 1103 1778 boc
1125 1716 1195 1778 scm

68 1849 97 1869 =
120 1823 271 1899 sanctum,
287 1827 504 1905 praeterquam
520 1817 606 1906 quod
622 1818 728 1903 potius
743 1825 962 1903 exspectamus
978 1819 1055 1883 boec
1069 1826 1193 1902 sancta,

62 1924 151 1986 utin
176 1926 194 2007 ᾗ
220 1926 248 2003 1,
272 1947 365 2009 quam
386 1923 495 1989 laudat
518 1923 676 2004 Gertzius,
697 1923 813 2009 legitur
834 1928 949 1988 sancto
972 1929 1003 1988 et
1024 1930 1120 1991 recta.

168 2028 280 2114 Itaque
303 2030 469 2094 lectionem
491 2030 729 2094 necimmerito
752 2028 990 2114 improbandam
1009 2053 1078 2096 esse
1101 2040 1179 2118 puto
1185 2059 1194 2114 3

63 2135 121 2199 sed
143 2158 201 2220 pro
225 2142 256 2199 et
277 2135 346 2200 cod.
391 2137 423 2198 A
443 2137 549 2200 malim
572 2135 666 2201 scribi
689 2142 732 2218 at,
756 2143 793 2199 ut
815 2136 971 2201 sententia
993 2137 1105 2203 clarior
1126 2140 1194 2221 fiat3

62 2264 136 2306 nam
159 2249 359 2327 exspectatur
381 2242 533 2328 particula
555 2240 763 2308 adversativa.

168 2348 217 2414 Ut
245 2371 282 2413 eo
311 2348 450 2429 redeam,
477 2346 561 2413 uude
585 2347 712 2429 deflexi,
738 2348 892 2434 particula
914 2370 973 2414 nec
1000 2351 1095 2415 etiam
1122 2360 1194 2416 ante

62 2455 185 2540 singula
212 2455 351 2520 membra
379 2455 553 2519 sententiae
580 2461 694 2539 negata
722 2454 905 2535 collocatur,
934 2478 1014 2541 quae
1041 2479 1099 2543 pro
1126 2465 1195 2523 toto
1285 2484 1289 2492 ·

63 2562 225 2626 enuntiato
248 2561 352 2646 posita
374 2568 407 2624 et
429 2559 555 2625 subdita
578 2568 652 2625 sunt
667 2561 764 2626 verbo
787 2561 885 2640 finito,
908 2569 944 2625 ut
962 2584 1010 2647 ep.
1029 2564 1115 2642 17,9
1138 2585 1196 2629 acc

63 2670 153 2733 oltra
176 2668 360 2733 necessaria
381 2668 541 2732 sollicitam
562 2717 569 2731 .
591 2717 597 2730 .
678 2687 780 2731 soum
802 2669 928 2747 reddet·
953 2666 993 2733 de
1017 2668 1063 2732 ira
1084 2667 1149 2750 HI,
1166 2673 1196 2751 2,

62 2778 98 2854 4,
121 2797 150 2838 n.
167 2797 217 2859 qu.
238 2773 301 2854 VI,
326 2777 354 2854 5,
371 2777 399 2838 2.

130 2885 162 2967 β)
186 2880 234 2945 Ut
257 2886 288 2944 et
309 2880 358 2964 (cf.
374 2902 423 2965 ep.
441 2881 492 2959 71,
509 2880 565 2958 36,
588 2877 628 2942 (16
644 2877 714 2943 ben.
729 2877 775 2958 H,
792 2882 844 2961 29,
861 2882 890 2961 1)
913 2880 958 2945 ita
972 2903 1031 2947 occ
1045 2882 1198 2968 particula

67 2985 236 3051 adhibetur
262 2984 303 3051 ad
330 2985 518 3050 sententiam
539 2984 714 3070 proximam
732 2985 939 3073 explicatione
962 2986 1066 3073 aliqua
1088 2988 1198 3074 ampli-

62 3090 216 3156 ficandam
239 3090 279 3155 de
298 3092 369 3156 ben.
385 3091 430 3171 V,
448 3093 532 3172 13,1
558 3112 617 3155 nec
639 3093 697 3156 boc
720 3113 759 3156 aa
780 3098 894 3157 nostra
917 3099 1049 3158 tantum
1072 3095 1193 3159 consti-

65 3200 204 3278 tutionem
228 3221 258 3263 n.
282 3221 333 3283 qu.
356 3197 401 3276 V,
426 3200 477 3279 15,
502 3199 518 3260 l
543 3199 764 3282 nec-quidam.

130 3309 158 3393 y)
182 3304 307 3369 Eodem
329 3302 424 3368 modo
448 3325 484 3368 ac
507 3304 608 3368 solum
628 3309 659 3368 ct
680 3303 729 3386 (cf.
745 3303 785 3369 de
801 3304 870 3369 ben.
886 3303 950 3386 IV,
967 3308 1018 3386 17,
1035 3309 1069 3386 13
1093 3309 1145 3386 21,
1161 3308 1196 3387 6,

63 3410 126 3490 VI,
152 3413 180 3490 7,
205 3414 240 3490 3,
268 3433 297 3475 n.
321 3432 371 3496 qu.
395 3395 477 3490 VH,
502 3412 553 3490 19,
577 3413 611 3489 2,
635 3432 683 3496 ep.
709 3413 836 3494 77,15)
863 3433 922 3476 occ
947 3433 1072 3497 quoque
1100 3434 1196 3499 oppo-

63 3514 158 3581 nendi
187 3517 251 3582 vim
278 3515 387 3597 habet,
409 3524 445 3580 ut
472 3515 512 3580 (16
537 3516 584 3580 ira
605 3515 633 3596 I,
658 3520 687 3596 3,
710 3519 729 3580 2
757 3517 951 3582 irascuntur
972 3539 1031 3582 aec
1053 3540 1197 3603 poenam

63 3626 317 3708 concupiscunt;
342 3621 382 3687 de
405 3623 492 3688 brev.
508 3646 539 3688 v.
564 3626 614 3702 18,
631 3627 666 3703 2,
689 3622 729 3688 (16
752 3623 840 3688 clem.
862 3623 890 3704 I,
914 3626 965 3705 17,
990 3626 1023 3704 1,
1046 3623 1092 3704 H,
1117 3626 1145 3705 7,
1162 3628 1196 3705 2,

63 3729 103 3794 (16
127 3729 197 3793 ben.
220 3728 248 3808 I,
273 3732 324 3809 15,
348 3732 383 3809 6,
405 3728 452 3809 Π,
477 3731 527 3809 18,
552 3733 571 3794 8
595 3736 628 3793 et
650 3728 733 3793 alibi.
1289 3815 1290 3818 Ἴ

130 3838 158 3917 ὁ)
183 3834 285 3902 Vocis
308 3856 367 3899 aec
388 3857 446 3921 pro
470 3836 666 3921 rae-quidem
688 3834 941 3920 frequentissime
961 3836 1083 3922 positae
1099 3836 1196 3901 habes

63 3940 213 4005 nonnulla
246 3940 390 4028 exempla
421 3939 506 4028 apud
538 3940 701 4028 Opimium
729 3942 748 4006 l.
764 3941 799 4025 1.,
830 3942 943 4031 quibus
971 3965 1067 4011 unum
1093 3943 1196 4011 locum
