2790 4538
608 209 648 277 61

50 405 227 491 imaginem
250 415 426 491 usurpatur,
448 427 512 469 non
527 403 568 468 ad
583 402 790 469 constantiam
809 410 841 468 et
862 397 1088 482 fortitudinem,
1110 420 1189 487 qnae

50 512 148 576 notio
176 511 216 576 ad
243 512 326 575 hunc
353 512 457 575 locum
485 511 551 576 sola
574 509 720 596 quadrat,
748 509 805 575 sed
834 507 875 573 ad
897 507 1044 573 duritiam
1067 516 1100 573 et
1121 531 1190 574 cru-

52 618 222 683 delitatem
245 619 439 684 transfertur.

168 724 314 790 Gertzius
337 725 513 810 suspicatur
536 720 734 787 scribendum
752 743 822 786 esse
845 721 963 804 fortem
985 727 1016 785 et
1036 721 1067 786 si
1084 724 1193 806 placet

55 831 172 894 aarum,
195 852 231 893 ac
253 831 351 895 verba
372 832 404 894 si
421 832 530 915 placet
551 827 635 893 idem
663 850 733 892 esse
755 828 825 894 vult
847 849 883 891 ac
905 828 951 908 „si
973 827 1031 891 hac
1053 828 1191 914 appella-

54 937 150 1000 tione
173 959 222 999 me
246 937 292 999 uti
315 937 393 1001 vis.“
430 934 495 1000 Sed
510 935 647 1020 primum
662 956 723 999 v.v.
738 935 770 997 si
783 936 898 1018 plauci,
923 956 998 997 num
1013 956 1082 997 eam
1096 935 1192 1020 signi-

55 1042 237 1106 ficationem
260 1042 375 1107 habere
398 1042 535 1127 possint,
562 1040 692 1105 dubium
719 1039 796 1104 mihi
823 1049 880 1104 est.
924 1040 1007 1104 Nam
1029 1063 1099 1105 mea
1121 1063 1192 1105 sen-

56 1149 163 1212 tentia
190 1148 235 1212 ita
261 1156 383 1212 tantum
410 1148 544 1234 simplex
571 1146 649 1212 iilud
681 1149 712 1211 ai
731 1149 840 1232 placet
864 1146 1004 1231 ponitur,
1032 1155 1068 1210 ut
1095 1148 1192 1228 verbi,

57 1253 149 1341 quod
172 1263 221 1319 est
243 1255 275 1319 in
299 1255 460 1320 enuntiato
482 1254 640 1341 primario,
663 1253 835 1317 infinitivus
858 1260 963 1317 mente
986 1251 1060 1316 addi
1082 1255 1192 1340 possit,

58 1360 149 1448 quod
172 1361 323 1425 hocloco
347 1361 513 1446 quominus
535 1361 695 1440 faciamus,
718 1359 873 1424 sententia
891 1357 1104 1444 prohibemur.

169 1466 296 1531 Deinde
319 1490 399 1548 cum,
421 1475 457 1531 ut
480 1466 627 1532 Gertzius
650 1466 719 1553 ipse
743 1463 828 1545 dicit,
850 1487 915 1529 vox
930 1466 983 1529 vir
1005 1487 1099 1551 saepe
1122 1489 1201 1559 cum!

59 1573 205 1659 emphasi
227 1573 362 1658 legatur,
388 1572 469 1659 quid
493 1581 542 1639 est
564 1595 620 1637 cur
641 1573 789 1658 scriptor,
815 1571 997 1658 priusquam
1020 1593 1057 1636 ea
1079 1581 1193 1654 utatur,

59 1680 189 1745 veniam
211 1679 304 1743 huius
328 1701 403 1744 usus
427 1679 558 1744 anobis
581 1681 689 1765 petat?
791 1743 792 1746 ,

171 1786 319 1870 Denique
342 1786 374 1849 in
392 1785 512 1851 Gertnii
535 1808 659 1872 quoque
682 1785 860 1850 coniectura
883 1805 946 1848 vox
969 1785 1077 1851 cirum
1100 1787 1195 1852 collo·

61 1893 187 1958 catione
211 1914 267 1956 sua
289 1892 360 1978 plus
378 1891 526 1977 ponderis
543 1893 682 1978 accipere
698 1890 833 1970 videtur,
855 1914 948 1977 quam
963 1913 1020 1978 per
1034 1893 1194 1960 notionem

62 2008 97 2064 et
122 1999 187 2064 vim
211 1998 278 2062 eius
301 1998 384 2078 licet,
407 2005 443 2061 ut
465 2020 559 2084 supra
581 1997 727 2064 vidimus.

171 2105 243 2190 Ego
272 2113 350 2190 puto
378 2103 475 2168 verba
502 2104 663 2190 scriptoris
690 2104 750 2168 hoc
772 2104 866 2170 modo
893 2105 1088 2171 restituenda
1111 2131 1195 2175 esse:

61 2213 179 2298 sortem
204 2233 330 2296 quoque
352 2212 474 2276 scilicet
501 2212 610 2276 airum
638 2212 777 2276 emolliit.
825 2211 918 2278 Voce
944 2213 1067 2278 scilicet
1091 2224 1196 2282 autem

63 2318 201 2405 scriptor
227 2318 409 2382 nominatim
437 2317 569 2382 affirmat
595 2316 680 2380 illam
707 2318 801 2382 etiam
828 2318 958 2382 fortium
979 2319 1119 2386 virorum
1141 2321 1196 2388 de-

62 2425 297 2511 pravationem,
329 2423 369 2488 de
398 2447 460 2509 quo
489 2423 683 2509 contagionis
709 2445 824 2510 genere
850 2424 1036 2510 gravissimo
1063 2427 1197 2494 fortasse

63 2531 221 2617 quispiam
249 2529 385 2610 dubitet,
417 2552 480 2594 non
515 2552 584 2594 esse
613 2527 748 2608 dubiam,
779 2551 859 2614 quae
892 2530 934 2594 sit
965 2539 1076 2597 natura
1102 2543 1196 2620 atque

64 2638 177 2722 ingens
194 2638 243 2701 vis
267 2636 444 2701 commercii
462 2634 691 2722 impudicorum
696 2659 705 2715 ;
728 2633 813 2720 quod
829 2634 870 2699 ad
885 2636 1049 2701 consilium
1064 2640 1197 2727 scripto-

64 2743 109 2808 ris
132 2743 212 2808 bene
236 2743 391 2808 convenit.
430 2743 580 2808 Ceterum
602 2741 645 2816 de¹
664 2748 743 2826 part.
766 2743 888 2806 scilieet
908 2743 946 2808 of.
970 2743 1009 2808 de
1032 2752 1154 2832 tranqu.
1170 2769 1197 2812 a

67 2853 97 2931 l,
122 2852 178 2934 103
203 2851 231 2930 7,
256 2853 289 2929 3;
313 2872 342 2912 n.
364 2871 415 2934 qu.
439 2849 503 2929 VI,
527 2852 578 2927 20,
600 2852 631 2913 4.

226 2955 260 3023 3.
305 2955 412 3022 Venio
435 2954 476 3018 ad
499 2955 669 3020 sententias
693 2954 931 3038 condicionales,
953 2957 1067 3042 quibus
1090 2960 1198 3025 condi-

67 3062 189 3127 cionem
213 3084 319 3125 veram
343 3083 406 3125 non
429 3084 499 3127 esse
523 3061 722 3147 significatur,
744 3084 875 3148 quarum

174 3173 202 3250 a)
225 3190 325 3253 pauca
348 3167 492 3254 exempla
514 3166 621 3249 affem,
643 3190 723 3253 quae
745 3169 778 3233 in
801 3169 934 3256 apodosi
957 3178 1066 3235 contra
1088 3171 1197 3258 vulga-

67 3298 134 3340 rem
160 3297 252 3338 usum
280 3274 358 3339 coni.
381 3274 542 3360 praeteriti
568 3297 631 3340 v.v.
649 3297 745 3361 posse
773 3283 805 3339 et
827 3276 936 3340 debere
968 3276 1129 3358 exhibent,
1157 3276 1197 3344 de

69 3390 110 3446 ot.
136 3386 164 3461 3,
189 3385 223 3461 53
247 3379 287 3444 de
309 3379 381 3444 ben.
404 3379 469 3460 III,
493 3383 544 3461 35,
567 3385 603 3461 43
625 3405 655 3445 n.
678 3403 739 3467 qu,
760 3404 816 3468 pr,
840 3384 896 3462 123

174 3489 205 3571 b)
228 3488 297 3552 Iam
320 3485 504 3573 progredior
526 3485 567 3551 ad
594 3510 686 3553 usum
713 3510 732 3552 a
754 3487 875 3552 Seneca
902 3487 994 3553 vaide
1021 3490 1199 3576 frequenta·

70 3603 149 3676 tum,
181 3617 242 3680 quo
273 3594 307 3658 in
335 3593 491 3658 sententia
519 3593 643 3678 primar.
670 3593 780 3658 talium
806 3593 1008 3680 periodorum
1034 3619 1092 3682 pro
1119 3598 1198 3664 coni.

71 3699 190 3786 imperf.
213 3699 266 3763 vel
292 3699 489 3785 plusquamp.
517 3697 722 3766 indicativum
749 3701 870 3787 posuit,
901 3708 934 3765 et
966 3701 1032 3767 fere
1063 3702 1199 3788 quidem,

72 3816 106 3869 ut
128 3805 316 3891 significaret
339 3805 405 3869 sine
433 3805 497 3869 ulla
523 3804 719 3871 dubitatione
742 3829 776 3871 re
798 3828 875 3871 vera
896 3807 963 3872 fore
987 3807 1039 3872 vel
1060 3807 1200 3874 futurum

71 3911 177 3992 fuisse,
200 3920 308 3976 utres
332 3919 411 3975 sent.
434 3911 522 3997 prim.
546 3934 695 3999 expressa
716 3913 806 3978 fieret
819 3912 872 3978 vel
890 3912 1054 3996 accideret,
1077 3915 1104 3980 si
1126 3938 1201 3980 con-

73 4016 154 4083 dicio
183 4017 328 4083 eveniret
349 4017 402 4083 vel
429 4018 595 4084 evenisset.
645 4017 744 4084 Cuius
771 4041 847 4084 usus
878 4021 1028 4085 nonnulla
1058 4021 1201 4112 exempla
