2790 4538
682 215 723 282 35

134 407 264 472 mentali
292 409 324 473 vi
351 408 494 496 praedita
524 409 581 490 ita,
612 418 649 474 ut
676 408 910 496 interpretanda
941 409 984 475 sit
1009 408 1155 475 dudam
1181 407 1265 492 dass,

134 515 257 597 iudeaa
282 523 314 579 et

203 625 237 705 α)
263 621 343 685 coni.
366 643 467 707 praes.
495 645 559 687 uno
586 622 655 687 loco
683 620 844 687 codicibus
875 619 1022 701 traditur,
1054 622 1200 707 ορ.102,
1225 623 1266 686 14

135 747 212 790 cam
235 728 362 810 dicant,
395 730 577 794 claritatem
602 751 667 794 esse
691 731 819 794 badam
843 724 1003 793 bonoram
1029 728 1262 792 000013(εά-

134 833 253 915 ditum,
286 833 357 897 iam
390 855 459 898 noo
490 836 534 898 ad
565 856 672 899 vocem
703 835 866 918 referant,
898 836 954 899 sed
984 835 1028 898 cd
1054 834 1266 917 seutentiam,-

136 936 193 1001 sed
217 960 287 1003 cum
311 940 390 1003 coni.
412 962 512 1026 praes.
535 949 609 1026 post
630 964 661 1027 p.
684 961 760 1005 cum
789 948 951 1004 sonantem
975 940 1133 1022 daztumir,
1161 940 1268 1004 damet

134 1045 210 1108 dass
237 1044 302 1129 ullo
331 1046 474 1132 exemplo
508 1068 548 1110 ex
575 1046 644 1110 aliis
672 1043 876 1132 scriptoribus
903 1043 1029 1131 probari
1063 1067 1127 1108 non
1155 1045 1265 1130 possit,
1338 1115 1341 1131 ¹

134 1148 286 1218 hocloco
309 1149 435 1216 indicat.
451 1151 689 1217 substituendus
706 1160 763 1233 est,
785 1151 968 1238 praesertim
991 1173 1060 1215 cum
1083 1150 1266 1237 paulopost

133 1255 167 1318 in
190 1258 230 1339 ἓξ
256 1259 296 1320 15
320 1265 353 1321 et
377 1259 417 1322 16
440 1267 505 1323 tres
528 1259 701 1324 sententias
725 1257 865 1324 eiusdem
887 1257 953 1322 fere
975 1258 1098 1343 generis
1121 1257 1264 1322 indicati·

135 1384 210 1426 vum
231 1362 369 1427 habeant
396 1386 472 1428 eam
494 1366 636 1430 dicimus
661 1417 668 1430 .
689 1417 695 1430 .
717 1417 740 1447 .‚
769 1385 845 1429 cam
869 1365 1011 1448 tropicas
1033 1364 1087 1427 c'lla
1110 1365 1160 1428 ac't
1183 1415 1190 1428 .
1211 1416 1218 1429 .
1240 1415 1263 1446 .,
1378 1353 1380 1358 ⁵

135 1489 210 1532 arm
235 1521 241 1534 .
263 1520 270 1533 .
291 1520 298 1533 .
320 1476 417 1555 poeta
440 1472 490 1535 ait
514 1523 520 1536 .
541 1523 547 1536 .
568 1523 603 1536 ..
656 1470 788 1535 Formas
817 1477 922 1534 autem
949 1467 1038 1533 verbi
1064 1468 1097 1531 in
1127 1468 1262 1554 syllabas

135 1579 194 1638 cat
220 1580 347 1638 etant
372 1574 552 1642 desinentes
584 1577 667 1641 inter
694 1598 728 1645 sc
760 1573 906 1640 confusas
923 1596 1003 1664 'esse
1031 1573 1264 1639 demonstratur

136 1679 285 1767 exemplis
310 1702 329 1744 a
351 1679 481 1747 Gertzio
509 1684 540 1746 in
563 1681 666 1748 indico
689 1689 770 1769 post
794 1681 907 1766 dialog.
930 1680 1004 1745 edit.
1027 1679 1175 1746 adiuncto
1203 1682 1262 1747 sub

136 1783 178 1866 V,
202 1789 231 1866 2,
254 1786 275 1851 b
299 1789 465 1872 congestis.
510 1790 557 1854 At

198 1898 230 1980 β)
254 1894 437 1959 coniuntivo
464 1894 585 1981 imperf.
607 1894 716 1980 paucis
742 1893 820 1958 locis
848 1893 901 1958 via
928 1915 964 1957 ac
991 1893 1070 1957 ratio
1097 1892 1261 1975 indicatur,

137 2019 267 2082 quares
290 2007 369 2063 sent.
392 2000 481 2085 prim.
505 1999 589 2065 dicta
610 2001 776 2087 perficitur,
798 2008 836 2064 ut
857 1999 897 2064 de
921 2007 1041 2084 tranqu.
1064 2022 1090 2064 a.
1108 2003 1171 2080 5‚2
1198 2001 1258 2065 So-

136 2110 234 2168 crates
263 2105 393 2169 c'me'tam
413 2107 600 2170 bobardus
627 2127 786 2191 magnam
814 2106 1063 2190 circumferebat
1088 2109 1260 2192 coemptor,

136 2211 320 2274 carnanter
343 2212 481 2295 triptota
503 2213 652 2277 dominos
676 2213 756 2277 liber
777 2213 950 2296 incederem
973 2236 1002 2276 n.
1023 2235 1073 2298 qu.
1095 2212 1142 2293 Π,
1164 2215 1217 2294 42,
1241 2218 1260 2279 3

136 2315 181 2397 (cf.
205 2314 246 2380 ad
268 2315 349 2380 hanc
371 2339 436 2381 rem
459 2317 625 2387 Kuehneri
646 2341 773 2405 gramm.
797 2321 816 2402 ξ
840 2322 903 2383 202
927 2317 998 2383 adn.
1022 2322 1061 2401 2).

237 2426 264 2505 c)
288 2421 515 2488 Coniuntivum
545 2425 726 2511 saepissime
754 2424 817 2510 legi
843 2433 975 2511 postp.
1003 2447 1078 2489 cam
1105 2424 1260 2489 causalem

134 2527 183 2592 vel
206 2527 438 2594 adversativam
461 2529 526 2593 vim
548 2529 715 2596 habentem
736 2531 876 2596 breviter
897 2552 1114 2595 commemoro.

174 2634 208 2703 3.
253 2633 322 2698 Iam
350 2632 413 2699 duo
440 2657 556 2720 genera
584 2659 658 2702 usus
680 2661 711 2724 p.
734 2658 810 2702 caua
832 2636 1000 2724 separatim
1028 2635 1191 2701 tractanda
1213 2636 1261 2703 vi-

133 2738 258 2805 dentur:

236 2851 264 2930 a)
288 2869 382 2934 saepe
404 2847 519 2933 legitur
541 2837 789 2931 camentorum,
818 2857 851 2914 et
872 2847 957 2913 idem
980 2847 1065 2913 vaiet
1086 2847 1173 2934 quod
1196 2848 1260 2914 usi-
1307 2910 1309 2914 ⁴

134 2953 230 3017 tatius
252 2975 328 3018 eam
350 2955 484 3035 interea,
509 2975 611 3038 aquo
636 2955 761 3018 omnino
784 2976 819 3020 se
841 2955 993 3020 abstinuit
1015 2955 1156 3041 scriptor.

229 3046 301 3124 ¹Sed
324 3059 389 3124 fers
406 3059 549 3124 omnibus
572 3059 649 3124 locis
673 3083 734 3125 v.v.
750 3082 826 3126 cum
848 3063 984 3127 iuterim
1007 3062 1056 3126 vis
1080 3059 1259 3148 opponendi

130 3164 212 3230 inest
235 3165 404 3246 (notionem
427 3165 577 3251 temporis
600 3165 696 3231 habet
717 3166 757 3232 de
780 3168 826 3232 ira
847 3167 893 3248 Π,
918 3173 969 3248 33,
992 3172 1023 3251 4)
1045 3169 1099 3248 ita,
1121 3176 1158 3231 ut
1179 3168 1258 3232 coni.

128 3294 185 3357 pro
208 3270 301 3335 indic.
317 3273 416 3357 magis
439 3280 531 3358 aptus
555 3294 625 3337 esse
648 3271 807 3353 videatur3
832 3282 969 3338 attamen
991 3271 1040 3339 bis
1064 3281 1185 3337 tantum
1204 3271 1259 3337 ad-

127 3378 319 3443 versativam
343 3379 568 3442 sententiarum
595 3379 747 3444 rationem
775 3380 975 3445 coniunctivo
999 3381 1163 3466 expressit.
1209 3379 1257 3445 Of.
1330 3389 1333 3396 ’

127 3509 157 3550 n.
175 3507 227 3570 qu.
249 3483 276 3564 Ι,
298 3507 353 3575 pu,
378 3489 736 3572 143ep.1,3ot...
765 3508 861 3551 nemo
882 3508 915 3550 sc
937 3487 1060 3550 iudicet
1081 3487 1257 3571 quicquam

128 3592 246 3672 debere,
270 3591 330 3674 qai
353 3596 481 3677 tempas
500 3593 630 3677 accepit,
655 3614 730 3657 cum
745 3593 882 3657 interam
896 3594 954 3657 boc
969 3612 1078 3655 auam
1093 3597 1148 3671 est,
1173 3593 1259 3676 qaod

127 3718 167 3761 aa
192 3702 309 3780 pratas
337 3697 468 3781 quidem
491 3704 600 3782 potest
620 3700 763 3783 reddam
799 3721 848 3784 ep.
872 3702 924 3780 81,
949 3699 1005 3778 313
1030 3699 1101 3778 101,
1126 3699 1159 3778 6;
1185 3701 1257 3778 104,

128 3806 186 3884 113
213 3801 254 3867 de
277 3825 366 3889 prov.
392 3806 425 3884 1,
448 3806 484 3885 4,
516 3803 557 3868 ad
579 3804 626 3869 M.
649 3803 689 3870 dc
712 3826 738 3869 c.
763 3808 792 3886 1,
817 3808 853 3886 73
883 3806 933 3884 11,
956 3807 977 3868 4
1001 3812 1033 3868 ct
1057 3806 1092 3884 53
1120 3803 1160 3867 de
1186 3803 1257 3868 ben.

126 3908 191 3989 ΙΠ,
207 3910 236 3973 1.
276 3907 366 3974 Ocni.
384 3908 481 3974 habes
505 3908 545 3974 dc
568 3910 655 3975 brev.
671 3933 701 3975 v.
718 3914 785 3992 3,4
807 3913 896 3976 uelat
917 3933 956 3975 ec
973 3912 1071 3995 pleno
1095 3916 1126 3974 et
1146 3911 1254 3975 abac·

126 4016 222 4080 danti
240 4017 391 4101 perditis,
416 4037 492 4092 cam
514 4017 650 4081 caream
673 4017 811 4101 sortasse
833 4018 888 4094 aa
909 4018 980 4102 ipse
1002 4069 1008 4081 .
1029 4068 1035 4081 .
1057 4069 1063 4081 .
1085 4018 1152 4081 dies
1174 4017 1255 4081 cut-

1119 4139 1156 4196 3*
