2790 4538
672 201 713 265 38

224 394 267 469 ,3.
312 393 491 477 Perfectum
516 414 664 479 praesens
693 392 852 457 invenitur
874 391 914 456 de
936 390 1007 456 ben.
1029 392 1057 473 1,
1082 395 1110 474 1,
1133 397 1154 458 4
1160 417 1169 474 3
1191 393 1261 475 ΙΠ,

131 502 181 581 16,
206 504 239 581 33
267 522 315 585 ep.
340 501 390 580 13,
415 500 448 578 l;
481 501 534 578 42,
558 502 594 578 95
625 499 758 579 86,12;
792 501 842 579 52,
866 499 907 562 15
940 499 1101 563 domitura
1124 501 1260 584 quidem

10 604 11 607 ’
128 606 242 692 fecisse
259 605 502 691 philosophiam
524 625 593 669 666
616 605 678 669 erit
699 605 854 687 stabiam,
879 611 1056 689 postquam
1074 607 1260 690 prostituta

128 718 188 795 est,·
212 734 261 797 ep.
287 714 338 791 90,
362 714 417 790 31;
441 709 480 774 de
502 710 573 775 ben.
598 712 649 789 16,
672 711 702 774 4.
1177 727 1180 733 ·

232 819 266 886 4.
310 816 558 903 Plusquamperf.
583 817 689 882 nescia
717 839 756 880 an
785 837 859 879 casu
886 816 1113 902 scriptor-cum
1134 816 1202 882 sola
1225 842 1258 904 p.

124 930 352 1011 posteaquam,
380 932 417 986 61
443 923 521 1009 perf.
544 946 615 988 cum
643 923 710 988 sola
736 946 766 1009 p.
785 928 963 1008 postquam
991 923 1166 1003 coniunxit,
1193 924 1259 988 nisi

127 1029 213 1116 quod
235 1053 265 1094 n.
288 1051 339 1114 qu.
361 1028 426 1109 ΙΠ,
450 1031 502 1110 11,
526 1033 544 1094 5
567 1030 600 1094 16
624 1028 766 1094 oratione
788 1028 909 1092 infinita
932 1050 972 1092 ex
993 1037 1158 1114 praesente
1181 1038 1260 1116 apta

130 1136 256 1222 scripsit
273 1141 387 1221 postea
409 1157 483 1200 uero
506 1157 607 1220 qaam
630 1137 766 1200 caltores
784 1135 977 1219 perceperit,
1001 1155 1106 1219 aquas
1129 1157 1260 1220 qaoque

122 1243 312 1328 percepisse.
368 1241 586 1326 Posteaquam
618 1240 910 1326 cum‘plusquamp.
937 1239 1016 1325 legis
1048 1263 1097 1329 ep.
1123 1243 1173 1321 79,
1199 1244 1258 1322 16;

127 1350 200 1428 117,
225 1350 242 1411 7
266 1348 298 1412 si
319 1353 410 1412 satra
431 1353 486 1429 est,
505 1353 723 1432 posteaquam
746 1347 915 1428 acciderat,
938 1347 1076 1410 recessit.

230 1454 263 1522 ὅ.
307 1453 377 1518 Iam
399 1453 492 1518 venio
520 1452 560 1517 ad
583 1476 655 1518 eum
677 1475 782 1533 usum,
809 1475 871 1537 quo
894 1459 1018 1538 tempus
1041 1451 1073 1514 in
1098 1453 1259 1518 sententia

124 1561 213 1648 prim.
237 1557 391 1639 definitur,
413 1557 497 1643 quod
520 1549 604 1624 unde
627 1558 764 1644 incipiat,
787 1566 866 1623 6661
891 1556 1017 1622 secund.
1040 1582 1070 1644 p.
1093 1576 1259 1644 compara·

125 1667 230 1732 tionis·
247 1686 349 1751 qaam
376 1663 504 1729 inducta
532 1665 772 1730 demonstratur.
821 1664 918 1728 Hunc
944 1687 1035 1728 usum
1064 1663 1183 1728 Seneca
1211 1665 1260 1730 ita

124 1771 295 1852 restrinxit,
322 1779 532 1856 utnusquam
561 1771 593 1835 in
621 1778 699 1835 sent.
722 1769 811 1856 prim.
834 1792 864 1833 v.
883 1776 961 1855 post
981 1793 1052 1834 cum
1074 1770 1258 1836 accusativa

124 1878 176 1944 vel
197 1877 335 1943 ablativa
358 1876 557 1941 coniunctam
579 1876 792 1963 usurpaverit,
820 1874 878 1940 sed
907 1883 962 1939 aut
988 1869 1167 1939 ablativum
1182 1897 1257 1940 cum

124 1983 235 2048 adieci.
253 1989 405 2069 posteras
429 1990 484 2045 661
505 2004 647 2068 praepos.
669 1983 762 2047 intra
784 2003 856 2045 cum
878 2003 978 2046 aecus.
1001 1981 1168 2068 scripserit.
1214 1982 1256 2046 In

124 2087 276 2154 eiusmodi
292 2096 395 2152 autem
412 2088 585 2169 sententiis,
607 2109 803 2173 quamquam,
826 2087 853 2152 si
875 2087 918 2168 id,
934 2086 1017 2152 unde
1032 2096 1157 2174 tempus
1173 2099 1257 2155 6661.

123 2195 269 2281 primaria
283 2193 454 2258 indicatum
469 2194 592 2257 initium
608 2193 700 2279 capit,
715 2192 755 2257 ad
770 2179 973 2279 praeteritum
984 2202 1109 2280 tempus
1121 2203 1256 2281 spectat,

122 2301 461 2387 plusquamperfectum
482 2300 516 2363 in
539 2306 617 2363 6661.
642 2299 881 2384 comparationis
912 2308 1124 2386 exspectatur,
1147 2308 1254 2366 tamen

122 2406 219 2471 habes
242 2407 319 2492 perf.
335 2399 408 2471 hist.
424 2404 473 2469 ad.
492 2405 539 2470 M.
563 2403 603 2469 de
626 2427 651 2469 c.
677 2407 728 2485 14,
752 2409 770 2469 2
794 2406 937 2470 Bibulas
963 2457 969 2470 .
992 2457 999 2470 .
1019 2457 1026 2470 .
1048 2411 1178 2491 postero
1201 2409 1255 2472 atie

123 2534 224 2596 quara
243 2513 414 2596 peraiaaru
437 2513 544 2596 faaas
566 2512 798 2575 renuntiatam
821 2518 881 2594 est,
905 2513 1065 2597 prooessit
1091 2513 1134 2576 ad
1155 2513 1255 2577 solita

122 2618 257 2703 imperii
279 2619 415 2702 officim,
432 2618 485 2683 ubi
501 2618 635 2704 scriptor
649 2615 728 2681 illud
749 2618 981 2682 renuntiata-ra
1005 2624 1052 2682 est
1069 2617 1255 2703 simpliciter

122 2724 271 2810 temperis
294 2724 455 2810 praeteriti
478 2746 547 2789 6666
571 2724 733 2808 significat,
758 2745 822 2786 non
845 2731 988 2809 respecto
1011 2731 1152 2808 tempore
1176 2746 1253 2809 apo-

122 2828 217 2894 dosis.
272 2829 319 2892 At
346 2830 491 2895 usitatius
518 2829 762 2915 plusquamperf.
789 2829 868 2914 legis
896 2851 944 2915 ep.
974 2832 1032 2909 51,
1061 2832 1077 2893 1
1113 2832 1252 2915 (postero

121 2935 187 3016 die,
221 2937 349 3019 quara),·
382 2933 422 3000 de
450 2943 571 3020 tranqu.
594 2957 621 2999 a.
651 2936 706 3015 11,
732 2938 772 2999 12
806 2957 903 3020 qaam
921 2936 1068 3021 popalus
1090 2957 1252 3001 romanas

120 3041 213 3104 intra
235 3061 374 3123 66666,
399 3062 500 3126 qaam
524 3042 694 3122 timuerat,
722 3041 893 3125 spectarit;
922 3062 971 3126 ep.
997 3043 1047 3121 10,
1072 3044 1112 3106 13
1147 3044 1251 3126 (iutra

116 3146 340 3229 paaoissiraas
362 3147 468 3229 horas,
492 3149 620 3232 qaam),-
649 3145 690 3210 ad
712 3146 808 3211 Helv.
833 3150 898 3227 2,5
927 3149 1031 3232 (intra
1057 3149 1249 3213 uicesimum

122 3252 217 3333 diora,
241 3254 369 3337 quari).

438 3413 499 3479 111.
537 3412 593 3479 De
616 3412 813 3498 particula
838 3415 929 3479 ubi.

225 3567 319 3632 Hanc
341 3592 372 3654 p.
389 3566 509 3632 Seneca
531 3567 716 3632 creberrime
739 3566 869 3632 adhibet
890 3568 930 3633 ad
946 3570 1154 3636 exordiendas
1178 3595 1247 3637 sen-

119 3673 234 3737 1661166
256 3673 429 3759 generales,
450 3673 608 3738 rarissime
631 3671 672 3737 ad
689 3695 739 3737 res
762 3675 946 3760 praeteritas
962 3677 1131 3742 narrandas
1147 3701 1246 3763 neque
1278 3706 1281 3715 ·

119 3801 256 3864 unquam
278 3801 347 3843 cum
370 3779 447 3865 perf.
466 3779 538 3844 hist.
554 3779 758 3844 coniunctam.
803 3781 916 3866 Neque
939 3782 1002 3846 ullo
1025 3783 1104 3863 loco,
1127 3793 1163 3847 61
1186 3786 1246 3870 sig-

119 3884 232 3965 nificet,
255 3886 408 3949 actionem
431 3893 509 3949 sent.
525 3886 614 3971 prim.
631 3887 737 3951 statim
758 3895 833 3975 past
855 3896 933 3952 sent.
950 3888 1077 3953 secund.
1093 3891 1246 3954 actionem

119 3988 268 4072 accidere,
291 4014 321 4056 v.
339 3992 492 4077 primam
515 3990 639 4057 adiecit.
