2790 4538
618 220 659 289 33

65 417 241 506 praebeant
254 417 346 482 haec:
369 438 557 502 quamquam
581 438 615 481 se
637 413 894 502 acupiditatibus
916 412 1048 479 liberare
1063 408 1200 496 student,

67 523 201 610 singulis
224 531 345 589 tantum
369 523 519 588 serviunt.

120 634 123 639 “
177 629 222 694 Et
232 651 272 693 ne
284 650 408 694 causam
420 626 547 714 quidem
562 651 592 714 p.
603 648 679 692 com
693 626 824 692 indicari
839 635 927 714 puto,
942 625 1027 712 quod
1037 625 1200 692 Gertzium

66 735 210 801 voluisse
232 733 307 799 inde
330 732 493 814 conclud0,
515 733 600 819 quod
622 733 701 798 illud
725 739 834 799 tameo
856 731 1004 819 apodosis
1027 731 1111 798 idem
1130 756 1200 799 esse

68 841 150 906 dicit
172 863 208 906 ac
230 844 345 906 saltem
367 842 399 905 ai
420 841 508 904 nibil
529 841 631 904 aliud.
671 839 784 924 Neque
802 860 878 903 vero
901 838 999 902 ullum
1020 838 1113 904 huius
1138 840 1200 926 sig-

66 947 257 1012 nificationis
290 946 467 1033 exemplum
499 947 613 1027 attulit,
645 953 678 1011 et
709 945 737 1009 si
759 943 947 1009 vocabulum
980 950 1090 1010 tameo
1121 945 1201 1009 hanc

68 1053 261 1119 sententiam
287 1047 432 1133 haberet,
460 1062 544 1117 certe
572 1061 644 1118 ante
668 1075 698 1117 v.
720 1051 862 1134 sinpolc's
889 1049 1103 1115 collocandum
1126 1056 1201 1132 erat,

67 1182 205 1245 quacum
229 1181 268 1224 ex
292 1158 413 1224 Gertzii
436 1158 644 1245 explicatione
667 1156 839 1222 arctissime
862 1155 1033 1220 cohaereat.

178 1264 213 1330 Si
235 1262 396 1345 autemid,
419 1263 504 1350 quod
520 1262 669 1329 Gertzius
684 1261 762 1342 vult,
784 1269 921 1342 nonest,
944 1259 1000 1327 sed
1021 1262 1203 1349 simpliciter

67 1378 214 1447 nostrum
241 1372 399 1452 monach,
427 1391 467 1434 ne
494 1369 646 1455 particula
672 1360 748 1434 caim
775 1368 902 1454 quidem
929 1390 1022 1432 causa
1047 1367 1203 1434 indicatur

69 1475 239 1541 verborum
262 1479 306 1541 od
324 1476 528 1562 supplicium
550 1482 704 1540 tuamen
720 1476 894 1560 pendent.
926 1473 1038 1559 Itaque
1054 1473 1202 1560 apodosis

70 1591 103 1647 et
126 1583 272 1704 protasis,
294 1603 372 1667 quas
388 1581 535 1647 Gertzius
559 1580 678 1661 statuit,
700 1602 801 1666 neque
824 1602 935 1645 causae
957 1580 1078 1645 ratione
1100 1603 1202 1667 neque

70 1689 283 1754 concessionis
306 1689 389 1754 inter
411 1710 446 1752 se
469 1683 679 1751 conectendas
702 1695 783 1751 sunt.

177 1795 253 1859 Alia
284 1817 377 1859 causa
408 1801 477 1874 est,
508 1815 564 1857 cur
593 1792 626 1856 in
658 1791 780 1858 Gertzii
812 1792 1019 1878 explicatione
1050 1794 1202 1860 haeream.

69 1901 185 1986 Neque
201 1902 284 1966 enim
298 1909 387 1989 puto,
410 1899 562 1966 Senecam
577 1898 657 1964 duas
672 1898 845 1964 sententias
867 1898 968 1963 forma
989 1907 1054 1962 tam
1077 1900 1203 1981 similes,

70 2007 189 2093 quippe
218 2029 299 2092 quae
327 2005 439 2071 eodem
465 2004 560 2070 modo
587 2004 738 2091 incipiant
764 2026 783 2068 a
809 2028 839 2091 p.
863 2026 952 2088 oum,
985 2005 1036 2068 cui
1054 1990 1204 2091 'sequitur

71 2113 162 2192 coni,
185 2112 314 2177 alteram
337 2113 425 2177 iuxta
439 2111 566 2176 alteram
582 2111 627 2175 ita
640 2110 795 2197 posuisse,
817 2119 854 2174 ut
875 2110 952 2175 haec
974 2109 1015 2175 ad
1033 2112 1204 2196 sequentia,

71 2217 127 2282 illa
149 2216 191 2281 ad
213 2218 356 2303 proxima
378 2218 541 2304 pertineat.
643 2245 645 2248 ·

56 2343 60 2350 ·
178 2322 248 2387 Iam
263 2331 502 2409 perscrutemur,
521 2331 699 2409 praestetne
715 2323 812 2389 verba
834 2345 933 2389 cum.
955 2375 961 2388 .
982 2375 988 2388 .
1015 2324 1119 2408 aalys
1133 2346 1203 2388 cum

70 2429 120 2509 iis,
143 2451 225 2515 quae
248 2428 452 2508 antecedunt,
478 2429 625 2515 coniungi
656 2452 713 2516 per
738 2429 869 2514 figuram
896 2429 1085 2515 anaphorae,
1117 2429 1203 2516 quod

72 2557 182 2600 omnes
220 2543 292 2600 ante
324 2535 479 2599 Haasium
514 2535 702 2623 interpretes
738 2543 976 2621 proposuerunt.
1021 2535 1205 2604 Voluerunt

72 2641 169 2727 igitur
191 2641 343 2706 Senecam
371 2650 403 2706 et
429 2641 487 2705 hac
510 2650 543 2706 et
569 2643 623 2706 illa
644 2640 800 2706 sententia
828 2663 846 2704 a
868 2663 898 2726 p.
922 2662 998 2706 cum
1021 2640 1203 2707 exordiente

72 2747 293 2834 philosophos,
320 2746 405 2832 quod
427 2747 611 2833 loquuntur,
633 2769 697 2811 non
719 2754 915 2832 praestantes
939 2765 1096 2812 excusare.
1143 2747 1205 2813 Oui

73 2853 214 2940 opinioni
237 2854 351 2934 obstat,
373 2852 458 2938 quod
481 2853 578 2918 altera
601 2853 756 2918 sententia
777 2852 817 2917 ab
840 2853 937 2917 altera
958 2874 1087 2939 prorsus
1103 2853 1205 2918 aliena

73 2965 130 3023 est.
169 2957 230 3022 Illa
253 2959 337 3023 enim
359 2959 550 3044 significatur
571 2959 776 3046 philosophos
794 2981 906 3045 magna
924 2960 1115 3046 promittere,
1137 2960 1204 3040 hac,

73 3085 128 3128 eos
151 3062 306 3128 laudabile
335 3064 453 3150 aliquid
484 3066 641 3152 perficere.
686 3065 794 3144 Quare
822 3063 902 3131 duae
929 3065 1001 3130 illae
1029 3067 1203 3131 sententiae

72 3156 137 3234 non
152 3177 189 3233 ut
208 3192 319 3236 causae
335 3169 375 3236 ad
390 3194 451 3236 v.v.
468 3173 550 3257 quid
565 3173 693 3236 mirum
719 3223 726 3237 .
747 3224 753 3237 .
774 3224 781 3237 .
809 3174 999 3238 evadentia?
1023 3169 1204 3236 referendae

73 3283 163 3356 sunt,
192 3274 250 3340 sed
273 3276 369 3343 verba
396 3298 472 3342 cam
494 3278 628 3362 refiqcre
653 3330 659 3343 .
680 3330 687 3343 .
708 3330 714 3344 .
737 3280 882 3364 pendent
909 3277 1064 3344 contraria
1085 3279 1206 3343 ratione

73 3381 226 3469 proximis
249 3382 394 3448 addenda
417 3391 499 3448 sunt.

179 3487 265 3552 Illud
294 3496 403 3555 tameo
429 3491 538 3576 igitur,
565 3489 650 3576 quod
677 3499 750 3555 ante
779 3512 887 3556 vocem
915 3492 981 3555 ocii
1012 3492 1206 3574 collocatum,

73 3601 148 3681 apta
170 3594 395 3680 significatione
419 3617 522 3660 carere
546 3619 640 3682 supra
660 3595 806 3678 vidimus,
829 3597 861 3659 in
883 3597 1022 3682 margine
1046 3606 1206 3662 exaratum

74 3723 172 3788 prave
196 3710 268 3767 ante
291 3725 321 3767 v.
340 3703 406 3766 acti
427 3701 590 3789 irrepsisse
614 3710 647 3767 et
668 3711 743 3767 ante
766 3702 863 3767 verba
885 3725 961 3768 cum
983 3705 1116 3788 rcfipere
1141 3755 1147 3769 .
1169 3755 1175 3769 .
1197 3755 1203 3769 .

73 3806 291 3894 recipiendum
307 3830 376 3873 esse
399 3807 514 3873 iudico.
552 3808 673 3874 Omnes
696 3817 800 3874 autem
824 3809 1014 3875 offensiones
1037 3818 1073 3873 ut
1095 3809 1207 3873 tollan-

72 3923 134 3995 tur,
157 3914 311 3979 coniunct.
335 3920 506 3997 concolor,
535 3915 588 4000 qui
614 3914 706 3980 facile
732 3915 923 4000 negligentia
954 3915 1047 3980 scribi
1069 3915 1209 4002 potuerit

74 4019 327 4086 accommodatus
350 4020 493 4107 proximo
516 4020 596 4086 coni.
620 4022 807 4107 loquantur,
830 4020 999 4086 mutandus
1022 4029 1072 4086 est
1089 4020 1208 4085 indica-

1088 4145 1105 4201 3
