<?xml version="1.0" encoding="UTF-8"?>
<!DOCTYPE html PUBLIC "-//W3C//DTD XHTML 1.0 Transitional//EN"
    "http://www.w3.org/TR/xhtml1/DTD/xhtml1-transitional.dtd">
<html xmlns="http://www.w3.org/1999/xhtml" xml:lang="en" lang="en">
 <head>
  <title>
</title>
<meta http-equiv="Content-Type" content="text/html;charset=utf-8" />
  <meta name='ocr-system' content='tesseract 3.04.00' />
  <meta name='ocr-capabilities' content='ocr_page ocr_carea ocr_par ocr_line ocrx_word'/>
</head>
<body>
  <div class='ocr_page' id='page_1' title='image "./deconfunctionum00reingoog_0023.png"; bbox 0 0 2790 4538; ppageno 0'>
   <div class='ocr_carea' id='block_1_1' title="bbox 669 154 710 229">
    <p class='ocr_par' dir='ltr' id='par_1_1' title="bbox 669 154 710 229">
     <span class='ocr_line' id='line_1_1' title="bbox 669 154 710 229; baseline 0.024 -1"><span class='ocrx_word' id='word_1_1' title='bbox 669 154 710 229; x_wconf 86' lang='grc'>20</span> 
     </span>
    </p>
   </div>
   <div class='ocr_carea' id='block_1_2' title="bbox 24 343 1266 4055">
    <p class='ocr_par' dir='ltr' id='par_1_2' title="bbox 119 343 1255 548">
     <span class='ocr_line' id='line_1_2' title="bbox 119 343 1254 443; baseline 0.004 -26"><span class='ocrx_word' id='word_1_2' title='bbox 119 343 185 418; x_wconf 80' lang='lat' dir='ltr'>iere</span> <span class='ocrx_word' id='word_1_3' title='bbox 209 374 333 441; x_wconf 81' lang='lat' dir='ltr'>semper</span> <span class='ocrx_word' id='word_1_4' title='bbox 355 376 436 439; x_wconf 77' lang='lat' dir='ltr'>erpo,</span> <span class='ocrx_word' id='word_1_5' title='bbox 459 356 655 443; x_wconf 81' lang='lat' dir='ltr'>paucissimis</span> <span class='ocrx_word' id='word_1_6' title='bbox 682 356 760 421; x_wconf 89' lang='lat' dir='ltr'>locis</span> <span class='ocrx_word' id='word_1_7' title='bbox 783 357 894 440; x_wconf 72' lang='lat' dir='ltr'>itaque</span> <span class='ocrx_word' id='word_1_8' title='bbox 918 356 1035 437; x_wconf 76' lang='lat' dir='ltr'>scribit,</span> <span class='ocrx_word' id='word_1_9' title='bbox 1058 365 1094 421; x_wconf 88' lang='lat' dir='ltr'>ut</span> <span class='ocrx_word' id='word_1_10' title='bbox 1113 346 1162 443; x_wconf 86' lang='lat' dir='ltr'>ep.</span> <span class='ocrx_word' id='word_1_11' title='bbox 1180 358 1254 438; x_wconf 87' lang='grc'><strong>106,</strong></span> 
     </span>
     <span class='ocr_line' id='line_1_3' title="bbox 123 461 1255 548; baseline 0.003 -25"><span class='ocrx_word' id='word_1_12' title='bbox 123 462 162 525; x_wconf 90' lang='grc'>10</span> <span class='ocrx_word' id='word_1_13' title='bbox 193 461 315 525; x_wconf 77' lang='lat' dir='ltr'>bonam</span> <span class='ocrx_word' id='word_1_14' title='bbox 343 463 487 547; x_wconf 72' lang='lat' dir='ltr'>corporis</span> <span class='ocrx_word' id='word_1_15' title='bbox 514 463 692 548; x_wconf 73' lang='lat' dir='ltr'>corporalis</span> <span class='ocrx_word' id='word_1_16' title='bbox 722 484 774 527; x_wconf 76' lang='lat' dir='ltr'>res</span> <span class='ocrx_word' id='word_1_17' title='bbox 802 469 864 541; x_wconf 75' lang='lat' dir='ltr'>est,</span> <span class='ocrx_word' id='word_1_18' title='bbox 899 463 1021 528; x_wconf 78' lang='lat' dir='ltr'>bonam</span> <span class='ocrx_word' id='word_1_19' title='bbox 1048 464 1194 527; x_wconf 77' lang='lat' dir='ltr'>hominis</span> <span class='ocrx_word' id='word_1_20' title='bbox 1224 469 1255 526; x_wconf 84' lang='lat' dir='ltr'>et</span> 
     </span>
    </p>

    <p class='ocr_par' dir='ltr' id='par_1_3' title="bbox 24 567 1266 752">
     <span class='ocr_line' id='line_1_4' title="bbox 24 567 1266 654; baseline 0.003 -26"><span class='ocrx_word' id='word_1_21' title='bbox 24 639 28 645; x_wconf 23' lang='lat'><strong><em>¹</em></strong></span> <span class='ocrx_word' id='word_1_22' title='bbox 120 567 264 651; x_wconf 72' lang='lat' dir='ltr'>corporis</span> <span class='ocrx_word' id='word_1_23' title='bbox 296 567 418 632; x_wconf 81' lang='lat' dir='ltr'>bonam</span> <span class='ocrx_word' id='word_1_24' title='bbox 449 575 519 633; x_wconf 74' lang='lat' dir='ltr'>esta</span> <span class='ocrx_word' id='word_1_25' title='bbox 549 569 661 654; x_wconf 76' lang='lat' dir='ltr'>itaque</span> <span class='ocrx_word' id='word_1_26' title='bbox 697 570 874 654; x_wconf 76' lang='lat' dir='ltr'>corporalis</span> <span class='ocrx_word' id='word_1_27' title='bbox 908 592 960 634; x_wconf 74' lang='lat' dir='ltr'>rec</span> <span class='ocrx_word' id='word_1_28' title='bbox 991 576 1054 648; x_wconf 72' lang='lat' dir='ltr'>act,</span> <span class='ocrx_word' id='word_1_29' title='bbox 1093 567 1133 633; x_wconf 90' lang='lat' dir='ltr'>de</span> <span class='ocrx_word' id='word_1_30' title='bbox 1165 568 1266 639; x_wconf 77' lang='lat' dir='ltr'>clem,</span> 
     </span>
     <span class='ocr_line' id='line_1_5' title="bbox 119 670 272 752; baseline 0.013 -18"><span class='ocrx_word' id='word_1_31' title='bbox 119 670 165 752; x_wconf 91' lang='lat' dir='ltr'>H,</span> <span class='ocrx_word' id='word_1_32' title='bbox 191 675 272 752; x_wconf 92' lang='grc'>7,1.</span> 
     </span>
    </p>

    <p class='ocr_par' dir='ltr' id='par_1_4' title="bbox 114 777 1254 1076">
     <span class='ocr_line' id='line_1_6' title="bbox 189 777 1254 867; baseline 0.003 -27"><span class='ocrx_word' id='word_1_33' title='bbox 189 782 216 867; x_wconf 73' lang='lat' dir='ltr'>y)</span> <span class='ocrx_word' id='word_1_34' title='bbox 239 777 279 841; x_wconf 93' lang='lat' dir='ltr'>In</span> <span class='ocrx_word' id='word_1_35' title='bbox 307 778 591 861; x_wconf 79' lang='lat' dir='ltr'>adhoitationibus,</span> <span class='ocrx_word' id='word_1_36' title='bbox 623 780 806 866; x_wconf 87' lang='lat' dir='ltr'>inquibus,</span> <span class='ocrx_word' id='word_1_37' title='bbox 836 789 874 844; x_wconf 92' lang='lat' dir='ltr'>ut</span> <span class='ocrx_word' id='word_1_38' title='bbox 899 804 973 846; x_wconf 90' lang='lat' dir='ltr'>mox</span> <span class='ocrx_word' id='word_1_39' title='bbox 1001 779 1191 859; x_wconf 89' lang='lat' dir='ltr'>videbimus,</span> <span class='ocrx_word' id='word_1_40' title='bbox 1207 803 1254 864; x_wconf 88' lang='lat' dir='ltr'>·p.</span> 
     </span>
     <span class='ocr_line' id='line_1_7' title="bbox 114 884 1253 973; baseline 0.002 -26"><span class='ocrx_word' id='word_1_41' title='bbox 114 884 255 969; x_wconf 76' lang='lat' dir='ltr'>proinde</span> <span class='ocrx_word' id='word_1_42' title='bbox 276 885 352 949; x_wconf 87' lang='lat' dir='ltr'>satis</span> <span class='ocrx_word' id='word_1_43' title='bbox 367 906 459 970; x_wconf 85' lang='lat' dir='ltr'>parce</span> <span class='ocrx_word' id='word_1_44' title='bbox 475 886 590 971; x_wconf 80' lang='lat' dir='ltr'>posuit,</span> <span class='ocrx_word' id='word_1_45' title='bbox 609 886 790 972; x_wconf 88' lang='lat' dir='ltr'>saepissime</span> <span class='ocrx_word' id='word_1_46' title='bbox 807 887 972 973; x_wconf 87' lang='lat' dir='ltr'>usurpavit</span> <span class='ocrx_word' id='word_1_47' title='bbox 991 907 1062 971; x_wconf 78' lang='grc'><strong>(666</strong></span> <span class='ocrx_word' id='word_1_48' title='bbox 1084 894 1117 950; x_wconf 91' lang='lat' dir='ltr'>et</span> <span class='ocrx_word' id='word_1_49' title='bbox 1131 886 1253 969; x_wconf 80' lang='lat' dir='ltr'>itaque,</span> 
     </span>
     <span class='ocr_line' id='line_1_8' title="bbox 119 990 455 1076; baseline 0 -22"><span class='ocrx_word' id='word_1_50' title='bbox 119 990 227 1076; x_wconf 89' lang='lat' dir='ltr'>paucis</span> <span class='ocrx_word' id='word_1_51' title='bbox 250 991 328 1055; x_wconf 89' lang='lat' dir='ltr'>locis</span> <span class='ocrx_word' id='word_1_52' title='bbox 350 992 455 1075; x_wconf 75' lang='lat' dir='ltr'>ipttar</span> 
     </span>
    </p>

    <p class='ocr_par' dir='ltr' id='par_1_5' title="bbox 118 1096 1256 1710">
     <span class='ocr_line' id='line_1_9' title="bbox 226 1096 1255 1183; baseline -0.001 -22"><span class='ocrx_word' id='word_1_53' title='bbox 226 1104 352 1161; x_wconf 89' lang='lat' dir='ltr'>etcum</span> <span class='ocrx_word' id='word_1_54' title='bbox 374 1097 515 1183; x_wconf 89' lang='lat' dir='ltr'>imperat.</span> <span class='ocrx_word' id='word_1_55' title='bbox 539 1098 730 1175; x_wconf 87' lang='lat' dir='ltr'>coniunctas,</span> <span class='ocrx_word' id='word_1_56' title='bbox 753 1097 844 1162; x_wconf 89' lang='lat' dir='ltr'>velut</span> <span class='ocrx_word' id='word_1_57' title='bbox 866 1096 905 1162; x_wconf 90' lang='lat' dir='ltr'>de</span> <span class='ocrx_word' id='word_1_58' title='bbox 928 1123 958 1164; x_wconf 86' lang='lat' dir='ltr'>v.</span> <span class='ocrx_word' id='word_1_59' title='bbox 981 1100 1012 1165; x_wconf 89' lang='lat' dir='ltr'>b.</span> <span class='ocrx_word' id='word_1_60' title='bbox 1037 1102 1124 1178; x_wconf 84' lang='lat'><strong>17,3</strong></span> <span class='ocrx_word' id='word_1_61' title='bbox 1152 1097 1255 1182; x_wconf 73' lang='lat' dir='ltr'>(ccipe</span> 
     </span>
     <span class='ocr_line' id='line_1_10' title="bbox 118 1192 1255 1290; baseline -0.003 -22"><span class='ocrx_word' id='word_1_62' title='bbox 118 1204 231 1287; x_wconf 74' lang='lat' dir='ltr'>itaque</span> <span class='ocrx_word' id='word_1_63' title='bbox 254 1225 275 1268; x_wconf 91' lang='lat' dir='ltr'>a</span> <span class='ocrx_word' id='word_1_64' title='bbox 297 1192 378 1289; x_wconf 81' lang='lat' dir='ltr'>me),·</span> <span class='ocrx_word' id='word_1_65' title='bbox 403 1203 443 1268; x_wconf 90' lang='lat' dir='ltr'>de</span> <span class='ocrx_word' id='word_1_66' title='bbox 466 1212 588 1290; x_wconf 87' lang='lat' dir='ltr'>tranqu.</span> <span class='ocrx_word' id='word_1_67' title='bbox 611 1227 638 1269; x_wconf 90' lang='lat' dir='ltr'>a.</span> <span class='ocrx_word' id='word_1_68' title='bbox 664 1207 765 1286; x_wconf 84' lang='grc'>1,13;</span> <span class='ocrx_word' id='word_1_69' title='bbox 788 1203 829 1268; x_wconf 88' lang='lat' dir='ltr'>ad</span> <span class='ocrx_word' id='word_1_70' title='bbox 851 1204 899 1269; x_wconf 91' lang='lat' dir='ltr'>M.</span> <span class='ocrx_word' id='word_1_71' title='bbox 922 1203 962 1270; x_wconf 89' lang='lat' dir='ltr'>de</span> <span class='ocrx_word' id='word_1_72' title='bbox 986 1229 1011 1270; x_wconf 93' lang='lat' dir='ltr'>c.</span> <span class='ocrx_word' id='word_1_73' title='bbox 1036 1209 1065 1285; x_wconf 83' lang='lat'>3,</span> <span class='ocrx_word' id='word_1_74' title='bbox 1090 1208 1124 1284; x_wconf 91' lang='grc'>3,</span> <span class='ocrx_word' id='word_1_75' title='bbox 1149 1205 1255 1282; x_wconf 89' lang='grc'>26,1,</span> 
     </span>
     <span class='ocr_line' id='line_1_11' title="bbox 119 1309 1253 1396; baseline -0.002 -22"><span class='ocrx_word' id='word_1_76' title='bbox 119 1332 167 1396; x_wconf 91' lang='lat' dir='ltr'>ep.</span> <span class='ocrx_word' id='word_1_77' title='bbox 193 1313 244 1390; x_wconf 87' lang='lat'>20,</span> <span class='ocrx_word' id='word_1_78' title='bbox 269 1313 303 1391; x_wconf 89' lang='grc'>3,</span> <span class='ocrx_word' id='word_1_79' title='bbox 331 1313 384 1390; x_wconf 96' lang='grc'>40,</span> <span class='ocrx_word' id='word_1_80' title='bbox 409 1315 442 1390; x_wconf 90' lang='grc'>3,</span> <span class='ocrx_word' id='word_1_81' title='bbox 471 1315 522 1391; x_wconf 91' lang='grc'>22,</span> <span class='ocrx_word' id='word_1_82' title='bbox 547 1315 582 1391; x_wconf 88' lang='grc'>3,</span> <span class='ocrx_word' id='word_1_83' title='bbox 611 1315 720 1392; x_wconf 91' lang='grc'>27,1,</span> <span class='ocrx_word' id='word_1_84' title='bbox 753 1351 795 1360; x_wconf 92' lang='lat'>-</span> <span class='ocrx_word' id='word_1_85' title='bbox 828 1310 868 1376; x_wconf 90' lang='lat' dir='ltr'>de</span> <span class='ocrx_word' id='word_1_86' title='bbox 890 1312 937 1376; x_wconf 85' lang='lat' dir='ltr'>ira</span> <span class='ocrx_word' id='word_1_87' title='bbox 964 1310 1010 1391; x_wconf 90' lang='lat' dir='ltr'>H,</span> <span class='ocrx_word' id='word_1_88' title='bbox 1035 1313 1107 1391; x_wconf 87' lang='lat'>3,5</span> <span class='ocrx_word' id='word_1_89' title='bbox 1136 1309 1253 1394; x_wconf 74' lang='lat' dir='ltr'>(erpo),-</span> 
     </span>
     <span class='ocr_line' id='line_1_12' title="bbox 119 1414 1256 1504; baseline -0.002 -23"><span class='ocrx_word' id='word_1_90' title='bbox 119 1415 159 1481; x_wconf 91' lang='lat' dir='ltr'>de</span> <span class='ocrx_word' id='word_1_91' title='bbox 188 1424 286 1481; x_wconf 88' lang='lat' dir='ltr'>const.</span> <span class='ocrx_word' id='word_1_92' title='bbox 309 1438 333 1481; x_wconf 88' lang='lat' dir='ltr'>s.</span> <span class='ocrx_word' id='word_1_93' title='bbox 362 1419 397 1496; x_wconf 87' lang='grc'>6,</span> <span class='ocrx_word' id='word_1_94' title='bbox 422 1419 456 1496; x_wconf 90' lang='grc'>9,</span> <span class='ocrx_word' id='word_1_95' title='bbox 492 1414 532 1480; x_wconf 91' lang='grc'>(16</span> <span class='ocrx_word' id='word_1_96' title='bbox 559 1425 682 1503; x_wconf 85' lang='lat' dir='ltr'>tranqu.</span> <span class='ocrx_word' id='word_1_97' title='bbox 705 1440 732 1482; x_wconf 85' lang='lat' dir='ltr'>a.</span> <span class='ocrx_word' id='word_1_98' title='bbox 762 1420 876 1498; x_wconf 78' lang='lat'><strong>1,17;</strong></span> <span class='ocrx_word' id='word_1_99' title='bbox 910 1440 958 1504; x_wconf 90' lang='lat' dir='ltr'>ep.</span> <span class='ocrx_word' id='word_1_100' title='bbox 988 1420 1045 1497; x_wconf 93' lang='grc'>20,</span> <span class='ocrx_word' id='word_1_101' title='bbox 1068 1417 1102 1496; x_wconf 92' lang='grc'>6,</span> <span class='ocrx_word' id='word_1_102' title='bbox 1136 1418 1193 1492; x_wconf 88' lang='grc'>20,</span> <span class='ocrx_word' id='word_1_103' title='bbox 1219 1417 1256 1494; x_wconf 92' lang='grc'>8,</span> 
     </span>
     <span class='ocr_line' id='line_1_13' title="bbox 120 1522 1256 1608; baseline -0.005 -19"><span class='ocrx_word' id='word_1_104' title='bbox 120 1527 172 1604; x_wconf 85' lang='grc'>32,</span> <span class='ocrx_word' id='word_1_105' title='bbox 196 1527 230 1604; x_wconf 89' lang='grc'>3,</span> <span class='ocrx_word' id='word_1_106' title='bbox 257 1546 288 1588; x_wconf 85' lang='lat' dir='ltr'>n.</span> <span class='ocrx_word' id='word_1_107' title='bbox 310 1545 361 1608; x_wconf 89' lang='lat' dir='ltr'>qu.</span> <span class='ocrx_word' id='word_1_108' title='bbox 384 1522 448 1603; x_wconf 87' lang='lat' dir='ltr'>VI,</span> <span class='ocrx_word' id='word_1_109' title='bbox 473 1527 524 1603; x_wconf 92' lang='grc'>14,</span> <span class='ocrx_word' id='word_1_110' title='bbox 548 1527 582 1604; x_wconf 93' lang='grc'>3,</span> <span class='ocrx_word' id='word_1_111' title='bbox 615 1563 656 1572; x_wconf 92' lang='grc'>-</span> <span class='ocrx_word' id='word_1_112' title='bbox 689 1522 729 1588; x_wconf 90' lang='grc'>(16</span> <span class='ocrx_word' id='word_1_113' title='bbox 751 1523 821 1588; x_wconf 85' lang='grc'><strong>666.</strong></span> <span class='ocrx_word' id='word_1_114' title='bbox 845 1523 908 1604; x_wconf 90' lang='lat' dir='ltr'>VI,</span> <span class='ocrx_word' id='word_1_115' title='bbox 933 1527 962 1604; x_wconf 87' lang='lat'>3,</span> <span class='ocrx_word' id='word_1_116' title='bbox 986 1527 1005 1588; x_wconf 89' lang='lat'><strong>3</strong></span> <span class='ocrx_word' id='word_1_117' title='bbox 1034 1523 1179 1608; x_wconf 76' lang='lat' dir='ltr'>(ipttar),·</span> <span class='ocrx_word' id='word_1_118' title='bbox 1205 1542 1256 1606; x_wconf 80' lang='grc'>66,</span> 
     </span>
     <span class='ocr_line' id='line_1_14' title="bbox 121 1632 276 1710; baseline -0.013 -15"><span class='ocrx_word' id='word_1_119' title='bbox 121 1633 196 1710; x_wconf 87' lang='grc'>104,</span> <span class='ocrx_word' id='word_1_120' title='bbox 219 1632 276 1709; x_wconf 90' lang='grc'>20,</span> 
     </span>
    </p>

    <p class='ocr_par' dir='ltr' id='par_1_6' title="bbox 225 1735 1255 1822">
     <span class='ocr_line' id='line_1_15' title="bbox 225 1735 1255 1822; baseline -0.002 -22"><span class='ocrx_word' id='word_1_121' title='bbox 225 1745 350 1801; x_wconf 89' lang='lat' dir='ltr'>etcum</span> <span class='ocrx_word' id='word_1_122' title='bbox 374 1737 588 1816; x_wconf 84' lang='lat' dir='ltr'>coniunctivo,</span> <span class='ocrx_word' id='word_1_123' title='bbox 616 1743 652 1800; x_wconf 88' lang='lat' dir='ltr'>ut</span> <span class='ocrx_word' id='word_1_124' title='bbox 674 1759 722 1822; x_wconf 91' lang='grc'>66.</span> <span class='ocrx_word' id='word_1_125' title='bbox 746 1739 798 1816; x_wconf 92' lang='grc'>42,</span> <span class='ocrx_word' id='word_1_126' title='bbox 822 1740 842 1801; x_wconf 91' lang='grc'>8</span> <span class='ocrx_word' id='word_1_127' title='bbox 871 1737 1035 1822; x_wconf 75' lang='grc'><strong>(66666),</strong></span> <span class='ocrx_word' id='word_1_128' title='bbox 1066 1737 1118 1814; x_wconf 92' lang='grc'>60,</span> <span class='ocrx_word' id='word_1_129' title='bbox 1141 1737 1176 1813; x_wconf 89' lang='grc'>4,</span> <span class='ocrx_word' id='word_1_130' title='bbox 1201 1735 1255 1813; x_wconf 89' lang='grc'>63,</span> 
     </span>
    </p>

    <p class='ocr_par' dir='ltr' id='par_1_7' title="bbox 29 1838 1255 2141">
     <span class='ocr_line' id='line_1_16' title="bbox 29 1838 1255 1925; baseline -0.011 -9"><span class='ocrx_word' id='word_1_131' title='bbox 29 1909 33 1916; x_wconf 88' lang='grc'><strong>.</strong></span> <span class='ocrx_word' id='word_1_132' title='bbox 121 1847 176 1925; x_wconf 92' lang='grc'>15,</span> <span class='ocrx_word' id='word_1_133' title='bbox 206 1846 257 1925; x_wconf 97' lang='grc'>71,</span> <span class='ocrx_word' id='word_1_134' title='bbox 282 1847 339 1925; x_wconf 91' lang='grc'>35,</span> <span class='ocrx_word' id='word_1_135' title='bbox 368 1846 499 1923; x_wconf 89' lang='grc'>73,15,</span> <span class='ocrx_word' id='word_1_136' title='bbox 528 1847 580 1923; x_wconf 91' lang='grc'>81,</span> <span class='ocrx_word' id='word_1_137' title='bbox 603 1846 639 1924; x_wconf 88' lang='grc'>4,</span> <span class='ocrx_word' id='word_1_138' title='bbox 667 1846 801 1924; x_wconf 92' lang='grc'>87,11,</span> <span class='ocrx_word' id='word_1_139' title='bbox 831 1845 962 1923; x_wconf 91' lang='grc'>91,15,</span> <span class='ocrx_word' id='word_1_140' title='bbox 991 1881 1032 1890; x_wconf 84' lang='grc'><strong>-</strong></span> <span class='ocrx_word' id='word_1_141' title='bbox 1056 1840 1097 1905; x_wconf 91' lang='grc'>(16</span> <span class='ocrx_word' id='word_1_142' title='bbox 1119 1841 1166 1904; x_wconf 86' lang='lat' dir='ltr'>ira</span> <span class='ocrx_word' id='word_1_143' title='bbox 1188 1838 1255 1919; x_wconf 91' lang='lat' dir='ltr'>HI,</span> 
     </span>
     <span class='ocr_line' id='line_1_17' title="bbox 121 1942 1254 2035; baseline -0.005 -21"><span class='ocrx_word' id='word_1_144' title='bbox 121 1954 149 2031; x_wconf 93' lang='grc'>7,</span> <span class='ocrx_word' id='word_1_145' title='bbox 173 1954 192 2014; x_wconf 93' lang='grc'>2</span> <span class='ocrx_word' id='word_1_146' title='bbox 227 1951 312 2035; x_wconf 75' lang='lat' dir='ltr'>(erpo</span> <span class='ocrx_word' id='word_1_147' title='bbox 334 1951 477 2014; x_wconf 75' lang='lat' dir='ltr'>actiones</span> <span class='ocrx_word' id='word_1_148' title='bbox 499 1955 630 2014; x_wconf 78' lang='lat' dir='ltr'>nostrae</span> <span class='ocrx_word' id='word_1_149' title='bbox 652 1971 711 2014; x_wconf 82' lang='lat' dir='ltr'>aec</span> <span class='ocrx_word' id='word_1_150' title='bbox 729 1970 854 2035; x_wconf 80' lang='lat' dir='ltr'>paruae</span> <span class='ocrx_word' id='word_1_151' title='bbox 876 1949 947 2012; x_wconf 80' lang='lat' dir='ltr'>stat</span> <span class='ocrx_word' id='word_1_152' title='bbox 968 1998 974 2011; x_wconf 95' lang='lat'>.</span> <span class='ocrx_word' id='word_1_153' title='bbox 995 1998 1002 2011; x_wconf 90' lang='lat'><strong>.</strong></span> <span class='ocrx_word' id='word_1_154' title='bbox 1023 1998 1029 2010; x_wconf 94' lang='lat'><em>.</em></span> <span class='ocrx_word' id='word_1_155' title='bbox 1038 1947 1073 2031; x_wconf 88' lang='lat'>),·</span> <span class='ocrx_word' id='word_1_156' title='bbox 1099 1949 1129 2026; x_wconf 90' lang='lat'>8,</span> <span class='ocrx_word' id='word_1_157' title='bbox 1154 1948 1188 2025; x_wconf 92' lang='grc'>7,</span> <span class='ocrx_word' id='word_1_158' title='bbox 1213 1942 1254 2008; x_wconf 91' lang='grc'>(16</span> 
     </span>
     <span class='ocr_line' id='line_1_18' title="bbox 119 2054 1253 2141; baseline -0.005 -20"><span class='ocrx_word' id='word_1_159' title='bbox 119 2079 149 2121; x_wconf 91' lang='lat' dir='ltr'>v.</span> <span class='ocrx_word' id='word_1_160' title='bbox 171 2056 202 2121; x_wconf 91' lang='lat' dir='ltr'>b.</span> <span class='ocrx_word' id='word_1_161' title='bbox 227 2059 277 2136; x_wconf 87' lang='lat'>12,</span> <span class='ocrx_word' id='word_1_162' title='bbox 302 2059 336 2136; x_wconf 88' lang='grc'>3,</span> <span class='ocrx_word' id='word_1_163' title='bbox 364 2079 393 2120; x_wconf 91' lang='grc'><strong>6.</strong></span> <span class='ocrx_word' id='word_1_164' title='bbox 417 2079 468 2141; x_wconf 92' lang='lat' dir='ltr'>qu.</span> <span class='ocrx_word' id='word_1_165' title='bbox 490 2055 557 2136; x_wconf 89' lang='lat' dir='ltr'>HI,</span> <span class='ocrx_word' id='word_1_166' title='bbox 582 2058 610 2136; x_wconf 88' lang='lat'>1,</span> <span class='ocrx_word' id='word_1_167' title='bbox 635 2058 670 2135; x_wconf 93' lang='grc'>1,</span> <span class='ocrx_word' id='word_1_168' title='bbox 693 2054 756 2135; x_wconf 90' lang='lat' dir='ltr'>VI,</span> <span class='ocrx_word' id='word_1_169' title='bbox 779 2057 809 2135; x_wconf 91' lang='grc'>4,</span> <span class='ocrx_word' id='word_1_170' title='bbox 834 2056 851 2117; x_wconf 97' lang='grc'>1</span> <span class='ocrx_word' id='word_1_171' title='bbox 877 2061 909 2118; x_wconf 91' lang='lat' dir='ltr'>et</span> <span class='ocrx_word' id='word_1_172' title='bbox 933 2056 967 2133; x_wconf 93' lang='grc'>2,</span> <span class='ocrx_word' id='word_1_173' title='bbox 995 2075 1044 2139; x_wconf 93' lang='grc'>66.</span> <span class='ocrx_word' id='word_1_174' title='bbox 1069 2055 1120 2132; x_wconf 93' lang='grc'>20,</span> <span class='ocrx_word' id='word_1_175' title='bbox 1144 2055 1180 2131; x_wconf 90' lang='grc'>8,</span> <span class='ocrx_word' id='word_1_176' title='bbox 1204 2073 1253 2136; x_wconf 92' lang='grc'>66.</span> 
     </span>
    </p>

    <p class='ocr_par' dir='ltr' id='par_1_8' title="bbox 83 2160 921 2247">
     <span class='ocr_line' id='line_1_19' title="bbox 83 2160 921 2247; baseline -0.002 -21"><span class='ocrx_word' id='word_1_177' title='bbox 83 2188 86 2195; x_wconf 55' lang='lat'><strong><em>¹</em></strong></span> <span class='ocrx_word' id='word_1_178' title='bbox 120 2165 171 2244; x_wconf 87' lang='lat'>63,</span> <span class='ocrx_word' id='word_1_179' title='bbox 197 2165 253 2242; x_wconf 95' lang='grc'>16,</span> <span class='ocrx_word' id='word_1_180' title='bbox 278 2165 330 2243; x_wconf 91' lang='grc'>65,</span> <span class='ocrx_word' id='word_1_181' title='bbox 354 2165 410 2242; x_wconf 90' lang='grc'>24,</span> <span class='ocrx_word' id='word_1_182' title='bbox 434 2201 475 2209; x_wconf 89' lang='grc'><strong>-</strong></span> <span class='ocrx_word' id='word_1_183' title='bbox 499 2184 529 2227; x_wconf 92' lang='lat' dir='ltr'>n.</span> <span class='ocrx_word' id='word_1_184' title='bbox 552 2184 603 2247; x_wconf 89' lang='lat' dir='ltr'>qu.</span> <span class='ocrx_word' id='word_1_185' title='bbox 626 2160 654 2242; x_wconf 90' lang='lat' dir='ltr'>I,</span> <span class='ocrx_word' id='word_1_186' title='bbox 678 2164 750 2242; x_wconf 84' lang='lat'>5,5</span> <span class='ocrx_word' id='word_1_187' title='bbox 780 2161 921 2246; x_wconf 72' lang='lat' dir='ltr'>(tpitar).</span> 
     </span>
    </p>

    <p class='ocr_par' dir='ltr' id='par_1_9' title="bbox 117 2263 1252 2672">
     <span class='ocr_line' id='line_1_20' title="bbox 187 2263 1252 2352; baseline -0.008 -16"><span class='ocrx_word' id='word_1_188' title='bbox 187 2272 215 2351; x_wconf 84' lang='grc'>0)</span> <span class='ocrx_word' id='word_1_189' title='bbox 239 2263 319 2332; x_wconf 86' lang='lat' dir='ltr'>Post</span> <span class='ocrx_word' id='word_1_190' title='bbox 336 2265 570 2352; x_wconf 84' lang='lat' dir='ltr'>digressionem,</span> <span class='ocrx_word' id='word_1_191' title='bbox 592 2275 629 2331; x_wconf 94' lang='lat' dir='ltr'>ut</span> <span class='ocrx_word' id='word_1_192' title='bbox 651 2265 693 2331; x_wconf 90' lang='lat' dir='ltr'>ad</span> <span class='ocrx_word' id='word_1_193' title='bbox 714 2289 781 2331; x_wconf 88' lang='lat' dir='ltr'>rem</span> <span class='ocrx_word' id='word_1_194' title='bbox 802 2265 920 2345; x_wconf 84' lang='lat' dir='ltr'>redeat,</span> <span class='ocrx_word' id='word_1_195' title='bbox 942 2266 1041 2330; x_wconf 86' lang='lat' dir='ltr'>utitur</span> <span class='ocrx_word' id='word_1_196' title='bbox 1062 2289 1092 2351; x_wconf 88' lang='lat' dir='ltr'>p.</span> <span class='ocrx_word' id='word_1_197' title='bbox 1112 2285 1184 2348; x_wconf 73' lang='grc'>666</span> <span class='ocrx_word' id='word_1_198' title='bbox 1203 2285 1252 2349; x_wconf 92' lang='grc'>66.</span> 
     </span>
     <span class='ocr_line' id='line_1_21' title="bbox 123 2370 1251 2459; baseline -0.005 -20"><span class='ocrx_word' id='word_1_199' title='bbox 123 2377 196 2454; x_wconf 92' lang='grc'>120,</span> <span class='ocrx_word' id='word_1_200' title='bbox 214 2378 232 2439; x_wconf 88' lang='grc'>3</span> <span class='ocrx_word' id='word_1_201' title='bbox 256 2395 347 2438; x_wconf 81' lang='grc'><strong>6666</strong></span> <span class='ocrx_word' id='word_1_202' title='bbox 363 2395 435 2458; x_wconf 73' lang='lat' dir='ltr'>erpo</span> <span class='ocrx_word' id='word_1_203' title='bbox 451 2376 494 2438; x_wconf 81' lang='lat' dir='ltr'>ad</span> <span class='ocrx_word' id='word_1_204' title='bbox 507 2374 544 2438; x_wconf 75' lang='lat' dir='ltr'>ta</span> <span class='ocrx_word' id='word_1_205' title='bbox 557 2379 717 2453; x_wconf 75' lang='grc'><strong>6666666,</strong></span> <span class='ocrx_word' id='word_1_206' title='bbox 742 2395 791 2459; x_wconf 89' lang='grc'>66.</span> <span class='ocrx_word' id='word_1_207' title='bbox 809 2375 860 2451; x_wconf 88' lang='grc'>57,</span> <span class='ocrx_word' id='word_1_208' title='bbox 876 2375 911 2452; x_wconf 91' lang='grc'>6,</span> <span class='ocrx_word' id='word_1_209' title='bbox 934 2370 974 2436; x_wconf 94' lang='grc'>(16</span> <span class='ocrx_word' id='word_1_210' title='bbox 989 2379 1111 2456; x_wconf 89' lang='lat' dir='ltr'>tranqu.</span> <span class='ocrx_word' id='word_1_211' title='bbox 1127 2393 1154 2434; x_wconf 86' lang='lat' dir='ltr'>a.</span> <span class='ocrx_word' id='word_1_212' title='bbox 1171 2375 1201 2450; x_wconf 93' lang='lat'>2,</span> <span class='ocrx_word' id='word_1_213' title='bbox 1216 2373 1251 2449; x_wconf 90' lang='grc'>4,</span> 
     </span>
     <span class='ocr_line' id='line_1_22' title="bbox 119 2463 1252 2565; baseline -0.003 -22"><span class='ocrx_word' id='word_1_214' title='bbox 119 2521 161 2529; x_wconf 97' lang='grc'>-</span> <span class='ocrx_word' id='word_1_215' title='bbox 184 2482 296 2565; x_wconf 79' lang='lat' dir='ltr'>ttaqae</span> <span class='ocrx_word' id='word_1_216' title='bbox 319 2501 367 2565; x_wconf 88' lang='lat' dir='ltr'>ep.</span> <span class='ocrx_word' id='word_1_217' title='bbox 393 2482 444 2560; x_wconf 87' lang='lat'>75,</span> <span class='ocrx_word' id='word_1_218' title='bbox 468 2483 518 2544; x_wconf 94' lang='grc'>12.</span> <span class='ocrx_word' id='word_1_219' title='bbox 542 2518 584 2528; x_wconf 94' lang='grc'>-</span> <span class='ocrx_word' id='word_1_220' title='bbox 606 2479 712 2563; x_wconf 74' lang='lat' dir='ltr'>tpitar</span> <span class='ocrx_word' id='word_1_221' title='bbox 733 2503 764 2565; x_wconf 88' lang='lat' dir='ltr'>p.</span> <span class='ocrx_word' id='word_1_222' title='bbox 786 2479 907 2542; x_wconf 90' lang='lat' dir='ltr'>nullum</span> <span class='ocrx_word' id='word_1_223' title='bbox 934 2463 1038 2542; x_wconf 61' lang='lat' dir='ltr'>eistat</span> <span class='ocrx_word' id='word_1_224' title='bbox 1065 2476 1252 2563; x_wconf 88' lang='lat' dir='ltr'>exemplum,</span> 
     </span>
     <span class='ocr_line' id='line_1_23' title="bbox 117 2586 428 2672; baseline -0.003 -22"><span class='ocrx_word' id='word_1_225' title='bbox 117 2608 181 2651; x_wconf 93' lang='lat' dir='ltr'>non</span> <span class='ocrx_word' id='word_1_226' title='bbox 204 2586 312 2672; x_wconf 88' lang='lat' dir='ltr'>magis,</span> <span class='ocrx_word' id='word_1_227' title='bbox 335 2608 428 2671; x_wconf 86' lang='lat' dir='ltr'>quam</span> 
     </span>
    </p>

    <p class='ocr_par' dir='ltr' id='par_1_10' title="bbox 116 2688 1251 2992">
     <span class='ocr_line' id='line_1_24' title="bbox 185 2688 1251 2779; baseline -0.008 -18"><span class='ocrx_word' id='word_1_228' title='bbox 185 2698 210 2776; x_wconf 83' lang='lat' dir='ltr'>c)</span> <span class='ocrx_word' id='word_1_229' title='bbox 233 2694 266 2756; x_wconf 94' lang='lat' dir='ltr'>in</span> <span class='ocrx_word' id='word_1_230' title='bbox 289 2692 424 2757; x_wconf 85' lang='lat' dir='ltr'>transitu</span> <span class='ocrx_word' id='word_1_231' title='bbox 451 2691 491 2756; x_wconf 87' lang='lat' dir='ltr'>ad</span> <span class='ocrx_word' id='word_1_232' title='bbox 519 2713 585 2756; x_wconf 91' lang='lat' dir='ltr'>rem</span> <span class='ocrx_word' id='word_1_233' title='bbox 613 2692 807 2779; x_wconf 83' lang='lat' dir='ltr'>propositam</span> <span class='ocrx_word' id='word_1_234' title='bbox 836 2691 1028 2776; x_wconf 81' lang='lat' dir='ltr'>singillatim.</span> <span class='ocrx_word' id='word_1_235' title='bbox 1049 2688 1251 2768; x_wconf 85' lang='lat' dir='ltr'>tractandam,</span> 
     </span>
     <span class='ocr_line' id='line_1_25' title="bbox 117 2797 1251 2885; baseline -0.004 -21"><span class='ocrx_word' id='word_1_236' title='bbox 117 2801 172 2866; x_wconf 90' lang='lat' dir='ltr'>ubi</span> <span class='ocrx_word' id='word_1_237' title='bbox 196 2822 268 2884; x_wconf 75' lang='lat' dir='ltr'>erpo</span> <span class='ocrx_word' id='word_1_238' title='bbox 283 2799 382 2864; x_wconf 91' lang='lat' dir='ltr'>habes</span> <span class='ocrx_word' id='word_1_239' title='bbox 398 2822 426 2862; x_wconf 89' lang='grc'>6.</span> <span class='ocrx_word' id='word_1_240' title='bbox 443 2820 493 2883; x_wconf 89' lang='lat' dir='ltr'>qu.</span> <span class='ocrx_word' id='word_1_241' title='bbox 509 2797 554 2878; x_wconf 89' lang='lat' dir='ltr'>V,</span> <span class='ocrx_word' id='word_1_242' title='bbox 572 2801 600 2879; x_wconf 92' lang='grc'>7,</span> <span class='ocrx_word' id='word_1_243' title='bbox 617 2803 635 2863; x_wconf 94' lang='grc'>2</span> <span class='ocrx_word' id='word_1_244' title='bbox 655 2801 809 2885; x_wconf 69' lang='lat' dir='ltr'>prim-am</span> <span class='ocrx_word' id='word_1_245' title='bbox 833 2819 905 2882; x_wconf 76' lang='lat' dir='ltr'>erpo</span> <span class='ocrx_word' id='word_1_246' title='bbox 923 2800 1134 2862; x_wconf 75' lang='grc'><strong>6661666663</strong></span> <span class='ocrx_word' id='word_1_247' title='bbox 1150 2797 1251 2880; x_wconf 73' lang='lat' dir='ltr'>slatus</span> 
     </span>
     <span class='ocr_line' id='line_1_26' title="bbox 116 2903 572 2992; baseline 0 -22"><span class='ocrx_word' id='word_1_248' title='bbox 116 2907 356 2992; x_wconf 72' lang='grc'><strong>6666666666,</strong></span> <span class='ocrx_word' id='word_1_249' title='bbox 380 2903 445 2985; x_wconf 81' lang='lat' dir='ltr'>VI,</span> <span class='ocrx_word' id='word_1_250' title='bbox 468 2908 572 2985; x_wconf 77' lang='lat'><strong>22,1.</strong></span> 
     </span>
    </p>

    <p class='ocr_par' dir='ltr' id='par_1_11' title="bbox 116 3009 1251 3182">
     <span class='ocr_line' id='line_1_27' title="bbox 224 3009 1251 3098; baseline -0.004 -20"><span class='ocrx_word' id='word_1_251' title='bbox 224 3011 258 3081; x_wconf 84' lang='grc'>3.</span> <span class='ocrx_word' id='word_1_252' title='bbox 302 3011 385 3074; x_wconf 90' lang='lat' dir='ltr'>Aliis</span> <span class='ocrx_word' id='word_1_253' title='bbox 400 3010 541 3092; x_wconf 86' lang='lat' dir='ltr'>vocibus,</span> <span class='ocrx_word' id='word_1_254' title='bbox 564 3012 679 3098; x_wconf 91' lang='lat' dir='ltr'>quibus</span> <span class='ocrx_word' id='word_1_255' title='bbox 695 3011 875 3076; x_wconf 81' lang='lat' dir='ltr'>conclusiva</span> <span class='ocrx_word' id='word_1_256' title='bbox 891 3011 940 3076; x_wconf 87' lang='lat' dir='ltr'>vis</span> <span class='ocrx_word' id='word_1_257' title='bbox 955 3010 1046 3092; x_wconf 90' lang='lat' dir='ltr'>inest,</span> <span class='ocrx_word' id='word_1_258' title='bbox 1064 3010 1114 3074; x_wconf 94' lang='lat' dir='ltr'>his</span> <span class='ocrx_word' id='word_1_259' title='bbox 1131 3009 1251 3075; x_wconf 86' lang='lat' dir='ltr'>Seneca</span> 
     </span>
     <span class='ocr_line' id='line_1_28' title="bbox 116 3118 234 3182; baseline 0 0"><span class='ocrx_word' id='word_1_260' title='bbox 116 3118 234 3182; x_wconf 86' lang='lat' dir='ltr'>utitur:</span> 
     </span>
    </p>

    <p class='ocr_par' dir='ltr' id='par_1_12' title="bbox 112 3223 1251 3950">
     <span class='ocr_line' id='line_1_29' title="bbox 224 3223 1248 3310; baseline -0.003 -22"><span class='ocrx_word' id='word_1_261' title='bbox 224 3229 273 3309; x_wconf 89' lang='lat' dir='ltr'>a)·</span> <span class='ocrx_word' id='word_1_262' title='bbox 298 3225 353 3289; x_wconf 85' lang='lat' dir='ltr'>Ita</span> <span class='ocrx_word' id='word_1_263' title='bbox 379 3247 409 3309; x_wconf 92' lang='lat' dir='ltr'>p.</span> <span class='ocrx_word' id='word_1_264' title='bbox 438 3246 486 3310; x_wconf 92' lang='lat' dir='ltr'>ep.</span> <span class='ocrx_word' id='word_1_265' title='bbox 517 3226 595 3304; x_wconf 89' lang='grc'>113,</span> <span class='ocrx_word' id='word_1_266' title='bbox 624 3228 665 3289; x_wconf 93' lang='grc'>20</span> <span class='ocrx_word' id='word_1_267' title='bbox 693 3227 876 3309; x_wconf 78' lang='lat' dir='ltr'>prudenter</span> <span class='ocrx_word' id='word_1_268' title='bbox 906 3230 1007 3289; x_wconf 83' lang='lat' dir='ltr'>tacere</span> <span class='ocrx_word' id='word_1_269' title='bbox 1036 3223 1158 3286; x_wconf 76' lang='lat' dir='ltr'>amam</span> <span class='ocrx_word' id='word_1_270' title='bbox 1187 3228 1248 3300; x_wconf 75' lang='lat' dir='ltr'>act,</span> 
     </span>
     <span class='ocr_line' id='line_1_30' title="bbox 118 3329 1249 3407; baseline -0.004 -11"><span class='ocrx_word' id='word_1_271' title='bbox 118 3351 252 3396; x_wconf 72' lang='lat' dir='ltr'>coactare</span> <span class='ocrx_word' id='word_1_272' title='bbox 276 3329 352 3393; x_wconf 80' lang='lat' dir='ltr'>heae</span> <span class='ocrx_word' id='word_1_273' title='bbox 377 3329 499 3393; x_wconf 82' lang='lat' dir='ltr'>bonam</span> <span class='ocrx_word' id='word_1_274' title='bbox 522 3336 585 3394; x_wconf 81' lang='lat' dir='ltr'>act:</span> <span class='ocrx_word' id='word_1_275' title='bbox 609 3331 659 3395; x_wconf 82' lang='lat' dir='ltr'>tta</span> <span class='ocrx_word' id='word_1_276' title='bbox 682 3337 712 3396; x_wconf 86' lang='lat' dir='ltr'>et</span> <span class='ocrx_word' id='word_1_277' title='bbox 731 3330 1249 3407; x_wconf 72' lang='grc'><strong>16666616666666666661661,</strong></span> 
     </span>
     <span class='ocr_line' id='line_1_31' title="bbox 117 3434 1250 3525; baseline -0.004 -22"><span class='ocrx_word' id='word_1_278' title='bbox 117 3461 165 3525; x_wconf 88' lang='lat' dir='ltr'>ep.</span> <span class='ocrx_word' id='word_1_279' title='bbox 192 3440 241 3518; x_wconf 93' lang='lat'>77,</span> <span class='ocrx_word' id='word_1_280' title='bbox 267 3439 322 3516; x_wconf 90' lang='grc'>15,</span> <span class='ocrx_word' id='word_1_281' title='bbox 346 3439 397 3515; x_wconf 87' lang='grc'>85,</span> <span class='ocrx_word' id='word_1_282' title='bbox 423 3438 478 3515; x_wconf 91' lang='grc'>18,</span> <span class='ocrx_word' id='word_1_283' title='bbox 502 3434 542 3500; x_wconf 92' lang='grc'>(16</span> <span class='ocrx_word' id='word_1_284' title='bbox 565 3445 607 3501; x_wconf 90' lang='lat' dir='ltr'>ot.</span> <span class='ocrx_word' id='word_1_285' title='bbox 633 3440 661 3518; x_wconf 97' lang='grc'>7,</span> <span class='ocrx_word' id='word_1_286' title='bbox 685 3441 719 3518; x_wconf 94' lang='grc'>2,</span> <span class='ocrx_word' id='word_1_287' title='bbox 743 3436 782 3501; x_wconf 91' lang='grc'>(16</span> <span class='ocrx_word' id='word_1_288' title='bbox 806 3436 851 3501; x_wconf 86' lang='lat' dir='ltr'>ira</span> <span class='ocrx_word' id='word_1_289' title='bbox 873 3437 900 3517; x_wconf 91' lang='lat' dir='ltr'>I,</span> <span class='ocrx_word' id='word_1_290' title='bbox 925 3440 953 3517; x_wconf 88' lang='grc'>9,</span> <span class='ocrx_word' id='word_1_291' title='bbox 978 3440 1011 3517; x_wconf 91' lang='grc'>3,</span> <span class='ocrx_word' id='word_1_292' title='bbox 1036 3434 1076 3500; x_wconf 91' lang='grc'>(16</span> <span class='ocrx_word' id='word_1_293' title='bbox 1098 3435 1250 3514; x_wconf 88' lang='lat' dir='ltr'>ben.III,</span> 
     </span>
     <span class='ocr_line' id='line_1_32' title="bbox 118 3541 1251 3628; baseline -0.002 -20"><span class='ocrx_word' id='word_1_294' title='bbox 118 3547 169 3626; x_wconf 90' lang='grc'>15,</span> <span class='ocrx_word' id='word_1_295' title='bbox 194 3548 227 3624; x_wconf 88' lang='grc'>3,</span> <span class='ocrx_word' id='word_1_296' title='bbox 253 3546 304 3624; x_wconf 89' lang='grc'>19,</span> <span class='ocrx_word' id='word_1_297' title='bbox 326 3546 362 3622; x_wconf 91' lang='grc'>4,</span> <span class='ocrx_word' id='word_1_298' title='bbox 385 3541 431 3623; x_wconf 86' lang='lat' dir='ltr'>V,</span> <span class='ocrx_word' id='word_1_299' title='bbox 456 3546 506 3622; x_wconf 88' lang='grc'>13,</span> <span class='ocrx_word' id='word_1_300' title='bbox 529 3545 566 3623; x_wconf 87' lang='grc'>4,</span> <span class='ocrx_word' id='word_1_301' title='bbox 588 3542 671 3625; x_wconf 86' lang='lat' dir='ltr'>VH,</span> <span class='ocrx_word' id='word_1_302' title='bbox 695 3544 725 3625; x_wconf 89' lang='grc'>6,</span> <span class='ocrx_word' id='word_1_303' title='bbox 750 3547 784 3623; x_wconf 94' lang='grc'>1,</span> <span class='ocrx_word' id='word_1_304' title='bbox 812 3545 906 3608; x_wconf 83' lang='lat' dir='ltr'>etiam</span> <span class='ocrx_word' id='word_1_305' title='bbox 934 3544 966 3607; x_wconf 94' lang='lat' dir='ltr'>in</span> <span class='ocrx_word' id='word_1_306' title='bbox 990 3543 1187 3628; x_wconf 86' lang='lat' dir='ltr'>syllogismo,</span> <span class='ocrx_word' id='word_1_307' title='bbox 1215 3552 1251 3606; x_wconf 88' lang='lat' dir='ltr'>ut</span> 
     </span>
     <span class='ocr_line' id='line_1_33' title="bbox 117 3646 1248 3734; baseline -0.004 -18"><span class='ocrx_word' id='word_1_308' title='bbox 117 3646 157 3716; x_wconf 85' lang='lat' dir='ltr'>de</span> <span class='ocrx_word' id='word_1_309' title='bbox 179 3651 250 3715; x_wconf 89' lang='lat' dir='ltr'>ben.</span> <span class='ocrx_word' id='word_1_310' title='bbox 272 3648 337 3730; x_wconf 90' lang='grc' dir='ltr'>ΙΠ,</span> <span class='ocrx_word' id='word_1_311' title='bbox 361 3651 413 3729; x_wconf 94' lang='grc'>19,</span> <span class='ocrx_word' id='word_1_312' title='bbox 437 3652 454 3713; x_wconf 96' lang='grc'>1</span> <span class='ocrx_word' id='word_1_313' title='bbox 481 3650 675 3734; x_wconf 76' lang='lat' dir='ltr'>beneficiam</span> <span class='ocrx_word' id='word_1_314' title='bbox 698 3651 787 3714; x_wconf 82' lang='grc'><strong>6666</strong></span> <span class='ocrx_word' id='word_1_315' title='bbox 809 3651 846 3714; x_wconf 79' lang='lat' dir='ltr'>id</span> <span class='ocrx_word' id='word_1_316' title='bbox 868 3655 922 3732; x_wconf 79' lang='lat' dir='ltr'>est,</span> <span class='ocrx_word' id='word_1_317' title='bbox 946 3651 1033 3732; x_wconf 82' lang='lat' dir='ltr'>qaod</span> <span class='ocrx_word' id='word_1_318' title='bbox 1055 3650 1130 3733; x_wconf 77' lang='lat' dir='ltr'>qais</span> <span class='ocrx_word' id='word_1_319' title='bbox 1153 3651 1248 3730; x_wconf 77' lang='lat' dir='ltr'>deda,</span> 
     </span>
     <span class='ocr_line' id='line_1_34' title="bbox 116 3755 1251 3835; baseline -0.002 -13"><span class='ocrx_word' id='word_1_320' title='bbox 116 3757 266 3822; x_wconf 73' lang='lat' dir='ltr'>camilli</span> <span class='ocrx_word' id='word_1_321' title='bbox 290 3757 449 3820; x_wconf 73' lang='lat' dir='ltr'>liceretet</span> <span class='ocrx_word' id='word_1_322' title='bbox 475 3777 544 3821; x_wconf 90' lang='grc'>666</span> <span class='ocrx_word' id='word_1_323' title='bbox 571 3758 664 3835; x_wconf 74' lang='lat' dir='ltr'>dare,</span> <span class='ocrx_word' id='word_1_324' title='bbox 696 3777 809 3820; x_wconf 75' lang='lat' dir='ltr'>seruas</span> <span class='ocrx_word' id='word_1_325' title='bbox 839 3761 949 3820; x_wconf 82' lang='lat' dir='ltr'>autem</span> <span class='ocrx_word' id='word_1_326' title='bbox 980 3807 986 3820; x_wconf 93' lang='lat'><strong>.</strong></span> <span class='ocrx_word' id='word_1_327' title='bbox 1012 3807 1018 3820; x_wconf 95' lang='lat'><strong>.</strong></span> <span class='ocrx_word' id='word_1_328' title='bbox 1044 3781 1076 3834; x_wconf 90' lang='lat'>.,·</span> <span class='ocrx_word' id='word_1_329' title='bbox 1104 3755 1155 3818; x_wconf 79' lang='lat' dir='ltr'>tta</span> <span class='ocrx_word' id='word_1_330' title='bbox 1182 3777 1251 3820; x_wconf 89' lang='grc'>666</span> 
     </span>
     <span class='ocr_line' id='line_1_35' title="bbox 112 3861 594 3950; baseline -0.006 -22"><span class='ocrx_word' id='word_1_331' title='bbox 112 3866 261 3950; x_wconf 80' lang='lat' dir='ltr'>praestat</span> <span class='ocrx_word' id='word_1_332' title='bbox 285 3914 291 3926; x_wconf 94' lang='lat'>.</span> <span class='ocrx_word' id='word_1_333' title='bbox 313 3914 319 3926; x_wconf 94' lang='lat'>.</span> <span class='ocrx_word' id='word_1_334' title='bbox 340 3889 371 3941; x_wconf 91' lang='grc'>.,·</span> <span class='ocrx_word' id='word_1_335' title='bbox 395 3861 460 3943; x_wconf 86' lang='grc' dir='ltr'>ΙΠ,</span> <span class='ocrx_word' id='word_1_336' title='bbox 485 3864 536 3942; x_wconf 88' lang='grc'>35,</span> <span class='ocrx_word' id='word_1_337' title='bbox 560 3864 594 3941; x_wconf 94' lang='grc'>1,</span> 
     </span>
    </p>

    <p class='ocr_par' dir='ltr' id='par_1_13' title="bbox 222 3968 1250 4055">
     <span class='ocr_line' id='line_1_36' title="bbox 222 3968 1250 4055; baseline -0.001 -21"><span class='ocrx_word' id='word_1_338' title='bbox 222 3969 254 4054; x_wconf 82' lang='lat' dir='ltr'>b)</span> <span class='ocrx_word' id='word_1_339' title='bbox 300 3969 482 4055; x_wconf 87' lang='lat' dir='ltr'>saepissime</span> <span class='ocrx_word' id='word_1_340' title='bbox 506 3991 574 4033; x_wconf 91' lang='lat' dir='ltr'>voc.</span> <span class='ocrx_word' id='word_1_341' title='bbox 589 3970 669 4052; x_wconf 78' lang='lat' dir='ltr'>ideo,</span> <span class='ocrx_word' id='word_1_342' title='bbox 693 3977 729 4033; x_wconf 91' lang='lat' dir='ltr'>ut</span> <span class='ocrx_word' id='word_1_343' title='bbox 751 3968 791 4034; x_wconf 88' lang='lat' dir='ltr'>de</span> <span class='ocrx_word' id='word_1_344' title='bbox 814 3968 909 4051; x_wconf 80' lang='grc'><strong>1161,</strong></span> <span class='ocrx_word' id='word_1_345' title='bbox 934 3974 963 4049; x_wconf 90' lang='grc'>3,</span> <span class='ocrx_word' id='word_1_346' title='bbox 979 3973 1014 4050; x_wconf 91' lang='grc'>8,</span> <span class='ocrx_word' id='word_1_347' title='bbox 1038 3971 1068 4049; x_wconf 90' lang='grc'>6,</span> <span class='ocrx_word' id='word_1_348' title='bbox 1083 3973 1120 4049; x_wconf 93' lang='grc'>4,</span> <span class='ocrx_word' id='word_1_349' title='bbox 1146 3972 1250 4050; x_wconf 93' lang='grc'>10,1,</span> 
     </span>
    </p>
   </div>
   <div class='ocr_carea' id='block_1_3' title="bbox 4 4180 137 4239">
    <p class='ocr_par' dir='ltr' id='par_1_14' title="bbox 4 4180 137 4239">
     <span class='ocr_line' id='line_1_37' title="bbox 4 4180 137 4239; baseline 0 0"><span class='ocrx_word' id='word_1_350' title='bbox 4 4180 137 4239; x_wconf 59' lang='grc'><strong>16,...</strong></span> 
     </span>
    </p>
   </div>
   <div class='ocr_carea' id='block_1_4' title="bbox 0 0 1400 4538">
    <p class='ocr_par' dir='ltr' id='par_1_15' title="bbox 0 0 1400 4538">
     <span class='ocr_line' id='line_1_38' title="bbox 0 0 1400 4538; baseline 0 0"><span class='ocrx_word' id='word_1_351' title='bbox 0 0 1400 4538; x_wconf 95' lang='lat' dir='ltr'> </span> 
     </span>
    </p>
   </div>
  </div>
 </body>
</html>
