2790 4538
754 191 795 254 60

213 400 283 466 que,
311 380 365 444 ubi
389 380 539 466 scriptum
562 389 612 446 est
638 381 719 445 sctis
746 387 871 445 natura
893 382 1021 445 bomini
1043 382 1131 446 dedit
1152 382 1287 464 roboris,
1308 382 1344 445 si

119 479 121 484 ¹
211 487 268 550 iilo
291 492 437 568 utamur,
460 489 491 551 si
513 488 599 551 uires
621 494 751 552 nostras
767 488 957 572 colliqcmms
980 487 1033 551 illa
1047 489 1129 552 sutis
1147 539 1153 552 .
1169 540 1175 552 .
1191 540 1197 552 .
1216 489 1343 552 roboris

212 591 297 656 dicta
319 600 393 656 sunt
414 614 471 678 pro
494 593 625 676 suflicit
645 594 754 676 robur,
779 595 865 678 quod
886 600 1011 658 motum
1033 595 1162 658 bomini
1182 595 1279 658 dedit.

319 699 370 763 De
398 699 444 762 ira
473 706 578 764 autem
609 699 628 764 l.
651 699 720 779 HI,
745 703 774 779 8,
799 703 831 780 1,
863 701 918 764 ubi
940 698 1008 764 cod.
1032 702 1062 764 A
1091 700 1219 764 exhibet
1245 699 1342 764 haec:

213 806 458 892 impudicorum
474 811 579 870 coetus
598 806 715 889 sortem
731 827 857 890 qaoque
875 808 1077 889 etsiliceat,
1094 808 1215 889 ciram,
1240 808 1340 870 emol-

215 913 275 995 liit,
300 912 397 976 verba
419 917 450 975 et
470 912 502 974 si
525 912 619 976 liceat
639 912 695 976 vix
718 933 794 975 sana
816 920 897 976 sunt.
935 913 1019 976 Nam
1041 935 1112 976 cum
1135 912 1215 976 coni.
1230 911 1344 976 modus

214 1017 368 1104 displicet,
390 1025 466 1098 tum,
489 1017 564 1102 quid
581 1018 707 1082 omnino
729 1016 844 1081 licendi
861 1019 990 1083 verbum
1013 1019 1073 1083 hoc
1095 1021 1165 1083 loco
1181 1019 1241 1083 sibi
1257 1018 1346 1083 velit

214 1147 277 1189 non
293 1124 442 1209 intelligo,
480 1122 578 1201 Quod
594 1147 612 1188 a
631 1123 762 1188 consilio
782 1124 941 1210 scriptoris
964 1126 1099 1190 alienum
1122 1147 1192 1190 esse
1208 1123 1345 1190 videtur.

214 1231 298 1295 Nam
321 1253 392 1294 oum
414 1229 592 1294 describere
614 1228 749 1310 studeat,
773 1252 866 1315 quam
888 1231 1107 1316 periculosum,
1131 1254 1224 1317 quam
1247 1231 1347 1317 pesti-

214 1337 324 1417 ferum,
346 1358 439 1421 quam
462 1335 572 1400 efficax
599 1335 640 1400 ad
662 1358 765 1400 mores
789 1336 1033 1423 corrumpendos
1063 1337 1104 1401 sit
1126 1338 1347 1402 commercium

215 1449 248 1506 et
270 1441 400 1505 aliorum
422 1442 573 1506 malorum
597 1450 629 1505 et
651 1440 892 1527 impudicorum,
920 1451 1045 1528 oportet
1072 1465 1144 1507 eum
1170 1443 1252 1507 hanc
1275 1466 1347 1508 sen·

215 1548 345 1612 tentiam
366 1569 429 1612 non
453 1548 558 1612 verbis
590 1549 621 1611 si
648 1548 742 1612 liceat
772 1549 974 1634 restringere,
1007 1548 1064 1613 sed
1096 1557 1133 1615 ut
1159 1557 1281 1614 certam
1315 1557 1348 1613 et

215 1652 422 1718 indubitatam
461 1654 614 1739 proferre,
657 1654 755 1718 fortes
792 1654 879 1740 ipsos
920 1655 1073 1737 illecebris
1117 1654 1347 1740 impudicorum

215 1760 337 1824 irretiri.

321 1866 489 1931 Praeterea
520 1889 623 1931 nonne
656 1865 734 1930 illud
766 1867 961 1932 enuntiatum
994 1866 1207 1931 condicionale
1235 1864 1348 1931 eodem

216 1972 310 2038 modo
334 1971 374 2036 ad
398 1994 427 2037 v.
450 1973 568 2056 fortem
590 1972 750 2058 pertinens
774 1981 867 2058 atque
891 1972 931 2037 ad
949 1997 979 2038 v.
995 1975 1116 2054 cirum,
1140 1980 1213 2037 ante
1237 1995 1348 2037 vocem

217 2081 328 2144 cirum
359 2079 465 2165 potius
498 2077 712 2143 collocandum
745 2081 831 2143 erat?
880 2081 933 2143 An
964 2066 1030 2144 fieri
1062 2086 1170 2164 pot-est
1197 2086 1233 2142 ut
1260 2079 1348 2143 notio

216 2187 328 2250 ciram
350 2186 484 2250 maxime
508 2183 655 2250 efferatur
677 2184 730 2265 ita,
751 2193 788 2248 ut
802 2185 943 2270 gradatio
962 2186 1038 2250 insit
1052 2187 1085 2250 in
1100 2186 1206 2250 verbis
1229 2185 1349 2268 fortem

217 2300 249 2357 et
275 2293 408 2357 cirum?
454 2291 596 2355 Minime.
619 2290 698 2357 Vox
729 2292 841 2355 airum
870 2292 962 2373 enim,
991 2292 1110 2356 sicum
1134 2290 1286 2377 emphasi,
1315 2298 1350 2354 ut

219 2398 348 2484 Lipsius
371 2398 449 2478 vult,
472 2420 539 2462 eam
564 2397 625 2461 dici
647 2405 803 2483 putamus,
826 2406 880 2461 aut
902 2397 986 2462 idem
1009 2399 1094 2463 valet
1116 2421 1152 2462 ac
1175 2421 1205 2463 v.
1221 2398 1349 2481 fortem,

218 2513 273 2570 aut
300 2505 328 2570 si
351 2505 413 2585 vis,
441 2505 535 2569 etiam
561 2504 678 2583 minus,
705 2503 863 2568 hominem
890 2528 953 2569 non
982 2503 1112 2568 delitum
1140 2504 1179 2568 iis
1206 2503 1350 2568 luxuriae

219 2611 318 2690 vitiis,
348 2634 428 2697 quae
460 2619 588 2676 naturae
617 2609 677 2674 viri
709 2608 929 2690 adversantur,
962 2619 1046 2675 certe
1074 2632 1138 2674 non
1164 2609 1236 2695 plus
1264 2609 1351 2674 valet

218 2739 311 2802 quam
327 2740 357 2781 v.
373 2718 500 2801 fortem.
548 2716 643 2779 Hanc
665 2715 791 2800 quidem
815 2715 1029 2796 difficultatem
1054 2716 1181 2781 sustulit
1194 2715 1351 2795 Kochius,

194 2906 197 2911 Ι
219 2845 289 2887 cum
305 2824 431 2908 scripsit
449 2824 566 2907 fortem
586 2844 721 2907 quoque,
746 2823 777 2886 si
792 2823 894 2904 liceat,
918 2825 1039 2905 airaon,
1064 2821 1119 2886 sed
1135 2829 1256 2886 ceteras
1272 2843 1350 2907 quas

220 2951 314 3015 supra
337 2929 435 3014 attigi,
462 2951 524 2994 non
555 2929 688 3010 amovit,
716 2951 755 2993 ne
783 2929 886 2994 citatis
914 2928 1041 3014 quidem
1064 2928 1199 2992 Arnobii
1224 2930 1253 3006 l,
1278 2929 1307 3008 6,
1330 2931 1351 2991 4

224 3037 391 3101 Christum
417 3088 423 3100 .
451 3087 457 3100 .
484 3088 490 3099 .
516 3087 522 3099 .
554 3029 670 3116 uultis,
694 3036 725 3098 si
752 3036 859 3116 liceat,
885 3036 1055 3099 beluarum
1079 3034 1259 3117 eprestium
1281 3034 1352 3097 ritu

219 3143 363 3208 crumas
391 3143 503 3207 oribus
530 3143 684 3205 mandere
716 3149 749 3204 et
775 3141 910 3204 Minucii
936 3139 1003 3204 Fel.
1027 3145 1056 3220 8,
1079 3144 1100 3204 4
1128 3141 1201 3204 deos
1228 3140 1349 3224 despu-

219 3255 291 3331 unt,
314 3249 424 3312 rideat
442 3269 554 3323 sacre,
579 3248 778 3312 misereatur
801 3248 916 3313 miseri
934 3248 1016 3333 ipsi,
1037 3247 1136 3330 sifus
1156 3252 1215 3326 est,
1241 3267 1349 3310 socer-

220 3357 333 3420 dotum
353 3406 359 3418 .
381 3406 414 3418 ..

326 3459 494 3524 Pincianus
510 3459 675 3547 proposuit
697 3459 815 3542 fortem
839 3465 869 3523 et
889 3458 1038 3522 siliceum
1054 3459 1175 3540 ciram,
1192 3458 1269 3522 satis
1285 3458 1354 3544 qui-

220 3565 293 3631 dem
308 3567 371 3631 leni
388 3567 566 3631 coniectura
571 3591 580 3646 ;
603 3564 660 3630 sed
676 3564 792 3629 oblitus
808 3573 866 3645 est,
889 3563 928 3628 de
944 3563 1148 3628 translatione
1164 3564 1229 3628 suis
1246 3587 1355 3649 quam-

221 3696 282 3759 que
308 3672 447 3758 linguam
474 3672 596 3758 legibus
630 3671 790 3736 astrictam
821 3693 899 3735 esse.
944 3671 1057 3755 Neque
1090 3671 1172 3734 enim
1204 3669 1355 3735 adiectivi

220 3781 351 3844 silicem
379 3778 522 3864 exempla
549 3778 580 3842 in
608 3778 717 3842 lexicis
745 3778 852 3842 inveni
875 3778 936 3842 nisi
958 3777 1035 3840 haec
1058 3775 1135 3840 duo:
1169 3775 1300 3842 Vitruv.
1325 3780 1355 3857 8,

224 3889 253 3966 3,
278 3888 319 3950 19
351 3907 434 3948 sarco
460 3885 572 3948 siliceo
599 3892 632 3948 et
660 3884 728 3948 Cat.
752 3883 792 3947 de
821 3883 913 3968 agric.
943 3887 994 3964 18,
1018 3887 1036 3948 3
1066 3884 1188 3968 lapides
1218 3883 1353 3964 siliacos,

222 3991 277 4055 ubi
299 3990 458 4078 propriam
482 3991 670 4055 sententiam
692 3989 802 4072 habet,
825 3997 858 4054 et
881 3989 1110 4056 substantivum
1133 3990 1224 4071 silea,
1248 3988 1277 4053 si
1298 4010 1355 4076 per
